<?xml version="1.0" encoding="UTF-8"?>
<!DOCTYPE html PUBLIC "-//W3C//DTD XHTML 1.0 Transitional//EN"
    "http://www.w3.org/TR/xhtml1/DTD/xhtml1-transitional.dtd">
<html xmlns="http://www.w3.org/1999/xhtml" xml:lang="en" lang="en">
 <head>
  <title>
</title>
<meta http-equiv="Content-Type" content="text/html;charset=utf-8" />
  <meta name='ocr-system' content='tesseract 3.04.00' />
  <meta name='ocr-capabilities' content='ocr_page ocr_carea ocr_par ocr_line ocrx_word'/>
</head>
<body>
  <div class='ocr_page' id='page_1' title='image "./mtciceronisepis00schgoog/mtciceronisepis00schgoog_0522.png"; bbox 0 0 2786 4614; ppageno 0'>
   <div class='ocr_carea' id='block_1_1' title="bbox 551 213 642 251">
    <p class='ocr_par' dir='ltr' id='par_1_1' title="bbox 551 213 642 251">
     <span class='ocr_line' id='line_1_1' title="bbox 551 213 642 251; baseline -0.022 2"><span class='ocrx_word' id='word_1_1' title='bbox 551 213 555 224; x_wconf 67' lang='lat'>‘</span> <span class='ocrx_word' id='word_1_2' title='bbox 624 215 642 251; x_wconf 63' lang='lat' dir='ltr'><em>G</em></span> 
     </span>
    </p>
   </div>
   <div class='ocr_carea' id='block_1_2' title="bbox 253 281 1154 458">
    <p class='ocr_par' dir='ltr' id='par_1_2' title="bbox 253 281 1154 458">
     <span class='ocr_line' id='line_1_2' title="bbox 253 281 1154 458; baseline 0.006 -51"><span class='ocrx_word' id='word_1_3' title='bbox 253 349 264 362; x_wconf 63' lang='grc'><em>’</em></span> <span class='ocrx_word' id='word_1_4' title='bbox 326 281 950 458; x_wconf 71' lang='lat' dir='ltr'>vrrsroprneoxrv1.·</span> <span class='ocrx_word' id='word_1_5' title='bbox 989 357 994 370; x_wconf 94' lang='lat'>·</span> <span class='ocrx_word' id='word_1_6' title='bbox 1059 333 1154 450; x_wconf 58' lang='lat'>&#39;¹42</span> 
     </span>
    </p>
   </div>
   <div class='ocr_carea' id='block_1_3' title="bbox 27 525 1177 1028">
    <p class='ocr_par' dir='ltr' id='par_1_3' title="bbox 27 525 1177 1028">
     <span class='ocr_line' id='line_1_3' title="bbox 102 525 1149 620; baseline -0.008 -16.907"><span class='ocrx_word' id='word_1_7' title='bbox 102 532 321 620; x_wconf 77' lang='lat' dir='ltr'><strong>consulerem</strong></span> <span class='ocrx_word' id='word_1_8' title='bbox 346 527 499 617; x_wconf 81' lang='lat' dir='ltr'>(signitati</span> <span class='ocrx_word' id='word_1_9' title='bbox 528 538 633 595; x_wconf 82' lang='lat' dir='ltr'>meae.</span> <span class='ocrx_word' id='word_1_10' title='bbox 687 529 740 595; x_wconf 83' lang='lat' dir='ltr'>Ex</span> <span class='ocrx_word' id='word_1_11' title='bbox 763 551 850 613; x_wconf 90' lang='lat' dir='ltr'>quo,</span> <span class='ocrx_word' id='word_1_12' title='bbox 883 528 965 613; x_wconf 86' lang='lat' dir='ltr'>qnid</span> <span class='ocrx_word' id='word_1_13' title='bbox 987 525 1149 606; x_wconf 76' lang='lat' dir='ltr'>sentisse,</span> 
     </span>
     <span class='ocr_line' id='line_1_4' title="bbox 27 628 1149 708; baseline -0.011 -1"><span class='ocrx_word' id='word_1_14' title='bbox 27 668 30 674; x_wconf 91' lang='lat'><em>·</em></span> <span class='ocrx_word' id='word_1_15' title='bbox 110 638 286 708; x_wconf 84' lang='lat' dir='ltr'>intellexi,</span> <span class='ocrx_word' id='word_1_16' title='bbox 309 647 343 698; x_wconf 90' lang='lat' dir='ltr'>et</span> <span class='ocrx_word' id='word_1_17' title='bbox 367 633 435 698; x_wconf 84' lang='lat' dir='ltr'>sunl</span> <span class='ocrx_word' id='word_1_18' title='bbox 452 633 635 697; x_wconf 81' lang='lat' dir='ltr'><strong>admiratus</strong></span> <span class='ocrx_word' id='word_1_19' title='bbox 657 628 758 708; x_wconf 80' lang='lat' dir='ltr'>fidem</span> <span class='ocrx_word' id='word_1_20' title='bbox 780 642 890 702; x_wconf 88' lang='lat' dir='ltr'>tuam,</span> <span class='ocrx_word' id='word_1_21' title='bbox 911 643 946 692; x_wconf 87' lang='lat' dir='ltr'>et</span> <span class='ocrx_word' id='word_1_22' title='bbox 961 634 995 692; x_wconf 87' lang='lat' dir='ltr'>in</span> <span class='ocrx_word' id='word_1_23' title='bbox 1010 629 1149 696; x_wconf 84' lang='lat' dir='ltr'>confilio</span> 
     </span>
     <span class='ocr_line' id='line_1_5' title="bbox 114 727 1149 823; baseline -0.008 -19"><span class='ocrx_word' id='word_1_24' title='bbox 114 740 228 804; x_wconf 85' lang='lat' dir='ltr'>dando</span> <span class='ocrx_word' id='word_1_25' title='bbox 253 737 471 823; x_wconf 62' lang='lat' dir='ltr'>religionem</span> <span class='ocrx_word' id='word_1_26' title='bbox 504 733 613 816; x_wconf 87' lang='lat' dir='ltr'>quod,</span> <span class='ocrx_word' id='word_1_27' title='bbox 642 750 745 815; x_wconf 86' lang='lat' dir='ltr'>quum</span> <span class='ocrx_word' id='word_1_28' title='bbox 767 730 856 796; x_wconf 86' lang='lat' dir='ltr'>aliud</span> <span class='ocrx_word' id='word_1_29' title='bbox 879 728 978 794; x_wconf 89' lang='lat' dir='ltr'>malle</span> <span class='ocrx_word' id='word_1_30' title='bbox 999 727 1149 797; x_wconf 81' lang='lat' dir='ltr'>amicissi-</span> 
     </span>
     <span class='ocr_line' id='line_1_6' title="bbox 111 814 1177 924; baseline -0.009 -17"><span class='ocrx_word' id='word_1_31' title='bbox 111 863 207 908; x_wconf 84' lang='lat' dir='ltr'>mum</span> <span class='ocrx_word' id='word_1_32' title='bbox 233 853 343 904; x_wconf 81' lang='lat' dir='ltr'>tuam</span> <span class='ocrx_word' id='word_1_33' title='bbox 359 841 533 924; x_wconf 69' lang='lat' dir='ltr'>putates,</span> <span class='ocrx_word' id='word_1_34' title='bbox 560 839 729 916; x_wconf 84' lang='lat' dir='ltr'>antiquins</span> <span class='ocrx_word' id='word_1_35' title='bbox 754 835 815 924; x_wconf 85' lang='lat' dir='ltr'>tibi</span> <span class='ocrx_word' id='word_1_36' title='bbox 837 827 988 896; x_wconf 83' lang='lat' dir='ltr'>officium</span> <span class='ocrx_word' id='word_1_37' title='bbox 1015 814 1177 912; x_wconf 38' lang='lat' dir='ltr'>meum(</span> 
     </span>
     <span class='ocr_line' id='line_1_7' title="bbox 111 925 1160 1028; baseline -0.008 -20"><span class='ocrx_word' id='word_1_38' title='bbox 111 965 212 1028; x_wconf 84' lang='lat' dir='ltr'>qnam</span> <span class='ocrx_word' id='word_1_39' title='bbox 236 943 499 1006; x_wconf 82' lang='lat' dir='ltr'>illiusvoluntas</span> <span class='ocrx_word' id='word_1_40' title='bbox 522 935 595 1000; x_wconf 82' lang='lat' dir='ltr'>fuit.</span> <span class='ocrx_word' id='word_1_41' title='bbox 640 934 803 1017; x_wconf 75' lang='lat' dir='ltr'>Equidem</span> <span class='ocrx_word' id='word_1_42' title='bbox 825 945 859 997; x_wconf 88' lang='lat' dir='ltr'>et</span> <span class='ocrx_word' id='word_1_43' title='bbox 883 947 961 998; x_wconf 89' lang='lat' dir='ltr'>ante</span> <span class='ocrx_word' id='word_1_44' title='bbox 982 935 1047 1001; x_wconf 84' lang='lat' dir='ltr'>lroc</span> <span class='ocrx_word' id='word_1_45' title='bbox 1064 950 1151 1002; x_wconf 89' lang='lat' dir='ltr'>tem</span> <span class='ocrx_word' id='word_1_46' title='bbox 1156 925 1160 932; x_wconf 59' lang='grc'>’</span> 
     </span>
    </p>
   </div>
   <div class='ocr_carea' id='block_1_4' title="bbox 106 1015 1278 1135">
    <p class='ocr_par' dir='ltr' id='par_1_4' title="bbox 106 1015 1278 1135">
     <span class='ocr_line' id='line_1_8' title="bbox 106 1015 1278 1135; baseline -0.044 -22"><span class='ocrx_word' id='word_1_47' title='bbox 106 1041 365 1135; x_wconf 75' lang='lat' dir='ltr'>pustedilexi,</span> <span class='ocrx_word' id='word_1_48' title='bbox 384 1031 940 1126; x_wconf 77' lang='lat' dir='ltr'>etlenrpermeaterliligisenli.</span> <span class='ocrx_word' id='word_1_49' title='bbox 984 1036 1178 1120; x_wconf 33' lang='lat' dir='ltr'>thnum&#39;</span> <span class='ocrx_word' id='word_1_50' title='bbox 1232 1015 1236 1026; x_wconf 94' lang='grc'><strong>’</strong></span> <span class='ocrx_word' id='word_1_51' title='bbox 1276 1115 1278 1128; x_wconf 40' lang='grc' dir='ltr'>Ι</span> 
     </span>
    </p>
   </div>
   <div class='ocr_carea' id='block_1_5' title="bbox 86 1129 1233 2465">
    <p class='ocr_par' dir='ltr' id='par_1_5' title="bbox 86 1129 1233 2032">
     <span class='ocr_line' id='line_1_9' title="bbox 108 1129 1149 1227; baseline -0.008 -16"><span class='ocrx_word' id='word_1_52' title='bbox 108 1145 276 1220; x_wconf 77' lang='lat' dir='ltr'>abessem,</span> <span class='ocrx_word' id='word_1_53' title='bbox 300 1157 400 1227; x_wconf 88' lang='lat' dir='ltr'>atque</span> <span class='ocrx_word' id='word_1_54' title='bbox 422 1147 457 1204; x_wconf 92' lang='lat' dir='ltr'>in</span> <span class='ocrx_word' id='word_1_55' title='bbox 482 1143 612 1224; x_wconf 84' lang='lat' dir='ltr'>rnagnis</span> <span class='ocrx_word' id='word_1_56' title='bbox 633 1133 797 1224; x_wconf 85' lang='lat' dir='ltr'>periculis</span> <span class='ocrx_word' id='word_1_57' title='bbox 821 1129 937 1200; x_wconf 87' lang='lat' dir='ltr'>essem:</span> <span class='ocrx_word' id='word_1_58' title='bbox 963 1147 997 1200; x_wconf 82' lang='lat' dir='ltr'>et</span> <span class='ocrx_word' id='word_1_59' title='bbox 1019 1159 1073 1201; x_wconf 90' lang='lat' dir='ltr'>me</span> <span class='ocrx_word' id='word_1_60' title='bbox 1094 1141 1149 1203; x_wconf 88' lang='lat' dir='ltr'>ab·</span> 
     </span>
     <span class='ocr_line' id='line_1_10' title="bbox 109 1235 1148 1330; baseline -0.011 -16"><span class='ocrx_word' id='word_1_61' title='bbox 109 1248 253 1322; x_wconf 81' lang='lat' dir='ltr'><strong>sentem,</strong></span> <span class='ocrx_word' id='word_1_62' title='bbox 277 1260 310 1311; x_wconf 91' lang='lat' dir='ltr'>et</span> <span class='ocrx_word' id='word_1_63' title='bbox 327 1265 421 1309; x_wconf 89' lang='lat' dir='ltr'>meos</span> <span class='ocrx_word' id='word_1_64' title='bbox 414 1240 629 1330; x_wconf 81' lang='lat' dir='ltr'>praesentes</span> <span class='ocrx_word' id='word_1_65' title='bbox 645 1249 711 1301; x_wconf 88' lang='lat' dir='ltr'>ate</span> <span class='ocrx_word' id='word_1_66' title='bbox 728 1235 840 1300; x_wconf 86' lang='lat' dir='ltr'>cultos</span> <span class='ocrx_word' id='word_1_67' title='bbox 857 1248 890 1300; x_wconf 89' lang='lat' dir='ltr'>et</span> <span class='ocrx_word' id='word_1_68' title='bbox 906 1235 1060 1304; x_wconf 77' lang='lat' dir='ltr'>defensos</span> <span class='ocrx_word' id='word_1_69' title='bbox 1071 1237 1148 1314; x_wconf 88' lang='lat' dir='ltr'>esse,</span> 
     </span>
     <span class='ocr_line' id='line_1_11' title="bbox 108 1337 1228 1432; baseline -0.009 -17"><span class='ocrx_word' id='word_1_70' title='bbox 108 1355 264 1417; x_wconf 87' lang='lat' dir='ltr'>memini.</span> <span class='ocrx_word' id='word_1_71' title='bbox 333 1347 375 1410; x_wconf 85' lang='lat' dir='ltr'>Et</span> <span class='ocrx_word' id='word_1_72' title='bbox 403 1344 477 1432; x_wconf 87' lang='lat' dir='ltr'>post</span> <span class='ocrx_word' id='word_1_73' title='bbox 501 1361 614 1404; x_wconf 85' lang='lat' dir='ltr'>meum</span> <span class='ocrx_word' id='word_1_74' title='bbox 642 1339 913 1428; x_wconf 76' lang='lat' dir='ltr'>reditumquam</span> <span class='ocrx_word' id='word_1_75' title='bbox 936 1337 1150 1406; x_wconf 75' lang='lat' dir='ltr'>familiariter</span> <span class='ocrx_word' id='word_1_76' title='bbox 1226 1348 1228 1354; x_wconf 86' lang='lat'>&#39;</span> 
     </span>
     <span class='ocr_line' id='line_1_12' title="bbox 86 1439 1151 1534; baseline -0.006 -22"><span class='ocrx_word' id='word_1_77' title='bbox 86 1509 88 1512; x_wconf 79' lang='grc'>,</span> <span class='ocrx_word' id='word_1_78' title='bbox 107 1474 249 1520; x_wconf 84' lang='lat' dir='ltr'>mecum</span> <span class='ocrx_word' id='word_1_79' title='bbox 268 1453 408 1518; x_wconf 78' lang='lat' dir='ltr'>vixeris,</span> <span class='ocrx_word' id='word_1_80' title='bbox 432 1463 581 1528; x_wconf 87' lang='lat' dir='ltr'>quaeque</span> <span class='ocrx_word' id='word_1_81' title='bbox 602 1459 665 1524; x_wconf 83' lang='lat' dir='ltr'>ego</span> <span class='ocrx_word' id='word_1_82' title='bbox 680 1439 723 1534; x_wconf 78' lang='lat' dir='ltr'>de</span> <span class='ocrx_word' id='word_1_83' title='bbox 738 1449 773 1501; x_wconf 91' lang='lat' dir='ltr'>te</span> <span class='ocrx_word' id='word_1_84' title='bbox 790 1452 823 1503; x_wconf 92' lang='lat' dir='ltr'>et</span> <span class='ocrx_word' id='word_1_85' title='bbox 837 1439 991 1507; x_wconf 80' lang='lat' dir='ltr'>senserim</span> <span class='ocrx_word' id='word_1_86' title='bbox 1009 1453 1043 1505; x_wconf 88' lang='lat' dir='ltr'>et</span> <span class='ocrx_word' id='word_1_87' title='bbox 1055 1463 1151 1527; x_wconf 89' lang='lat' dir='ltr'>prae·</span> 
     </span>
     <span class='ocr_line' id='line_1_13' title="bbox 108 1533 1233 1628; baseline -0.013 -9"><span class='ocrx_word' id='word_1_88' title='bbox 108 1555 267 1625; x_wconf 88' lang='lat' dir='ltr'>dicarim,</span> <span class='ocrx_word' id='word_1_89' title='bbox 289 1569 422 1620; x_wconf 87' lang='lat' dir='ltr'>omnes,</span> <span class='ocrx_word' id='word_1_90' title='bbox 442 1549 502 1628; x_wconf 82' lang='lat' dir='ltr'>&#39;qui</span> <span class='ocrx_word' id='word_1_91' title='bbox 522 1535 627 1606; x_wconf 84' lang='lat' dir='ltr'>solent</span> <span class='ocrx_word' id='word_1_92' title='bbox 644 1533 727 1602; x_wconf 87' lang='lat' dir='ltr'>haec</span> <span class='ocrx_word' id='word_1_93' title='bbox 742 1542 1024 1615; x_wconf 87' lang='lat' dir='ltr'>animadvertere,</span> <span class='ocrx_word' id='word_1_94' title='bbox 1045 1539 1150 1607; x_wconf 78' lang='lat' dir='ltr'>testes</span> <span class='ocrx_word' id='word_1_95' title='bbox 1225 1581 1233 1604; x_wconf 82' lang='grc'><strong>.</strong></span> 
     </span>
     <span class='ocr_line' id='line_1_14' title="bbox 106 1640 1152 1722; baseline -0.01 -2"><span class='ocrx_word' id='word_1_96' title='bbox 106 1655 292 1722; x_wconf 85' lang='lat' dir='ltr'>habemus.</span> <span class='ocrx_word' id='word_1_97' title='bbox 337 1646 571 1717; x_wconf 75' lang='lat' dir='ltr'>Gravissimum</span> <span class='ocrx_word' id='word_1_98' title='bbox 587 1663 669 1706; x_wconf 85' lang='lat' dir='ltr'>vero</span> <span class='ocrx_word' id='word_1_99' title='bbox 688 1645 852 1707; x_wconf 77' lang='lat' dir='ltr'>iudieium</span> <span class='ocrx_word' id='word_1_100' title='bbox 876 1645 1008 1710; x_wconf 83' lang='lat' dir='ltr'>demea</span> <span class='ocrx_word' id='word_1_101' title='bbox 1031 1640 1097 1708; x_wconf 84' lang='lat' dir='ltr'>fide</span> <span class='ocrx_word' id='word_1_102' title='bbox 1113 1655 1152 1710; x_wconf 81' lang='lat' dir='ltr'>et</span> 
     </span>
     <span class='ocr_line' id='line_1_15' title="bbox 109 1740 1149 1830; baseline -0.013 -7"><span class='ocrx_word' id='word_1_103' title='bbox 109 1752 301 1824; x_wconf 83' lang='lat' dir='ltr'>constantia</span> <span class='ocrx_word' id='word_1_104' title='bbox 321 1749 446 1822; x_wconf 85' lang='lat' dir='ltr'>fecisti,</span> <span class='ocrx_word' id='word_1_105' title='bbox 470 1767 572 1830; x_wconf 87' lang='lat' dir='ltr'>quum</span> <span class='ocrx_word' id='word_1_106' title='bbox 595 1740 666 1830; x_wconf 87' lang='lat' dir='ltr'>post</span> <span class='ocrx_word' id='word_1_107' title='bbox 690 1755 836 1813; x_wconf 84' lang='lat' dir='ltr'>mortem</span> <span class='ocrx_word' id='word_1_108' title='bbox 860 1745 1012 1813; x_wconf 80' lang='lat' dir='ltr'>Caesaris</span> <span class='ocrx_word' id='word_1_109' title='bbox 1033 1757 1149 1810; x_wconf 87' lang='lat' dir='ltr'>toturn</span> 
     </span>
     <span class='ocr_line' id='line_1_16' title="bbox 108 1833 1155 1939; baseline -0.01 -17"><span class='ocrx_word' id='word_1_110' title='bbox 108 1865 148 1939; x_wconf 77' lang='lat' dir='ltr'>te</span> <span class='ocrx_word' id='word_1_111' title='bbox 172 1860 211 1922; x_wconf 92' lang='lat' dir='ltr'>ad</span> <span class='ocrx_word' id='word_1_112' title='bbox 235 1858 416 1919; x_wconf 86' lang='lat' dir='ltr'>amicitiam</span> <span class='ocrx_word' id='word_1_113' title='bbox 446 1869 554 1912; x_wconf 88' lang='lat' dir='ltr'>meam</span> <span class='ocrx_word' id='word_1_114' title='bbox 578 1842 759 1910; x_wconf 76' lang='lat' dir='ltr'>contulisti.</span> <span class='ocrx_word' id='word_1_115' title='bbox 802 1845 905 1932; x_wconf 83' lang='lat' dir='ltr'>Quod</span> <span class='ocrx_word' id='word_1_116' title='bbox 936 1833 1047 1913; x_wconf 85' lang='lat' dir='ltr'>tuum</span> <span class='ocrx_word' id='word_1_117' title='bbox 1065 1848 1155 1913; x_wconf 86' lang='lat' dir='ltr'>iodi·&#39;</span> 
     </span>
     <span class='ocr_line' id='line_1_17' title="bbox 109 1942 1149 2032; baseline -0.012 -5"><span class='ocrx_word' id='word_1_118' title='bbox 109 1965 204 2028; x_wconf 85' lang='lat' dir='ltr'>cium</span> <span class='ocrx_word' id='word_1_119' title='bbox 228 1959 285 2023; x_wconf 73' lang='lat' dir='ltr'>nisi</span> <span class='ocrx_word' id='word_1_120' title='bbox 300 1942 372 2020; x_wconf 76' lang='lat' dir='ltr'>mea</span> <span class='ocrx_word' id='word_1_121' title='bbox 388 1955 512 2020; x_wconf 89' lang='lat' dir='ltr'>summa</span> <span class='ocrx_word' id='word_1_122' title='bbox 532 1945 756 2012; x_wconf 78' lang='lat' dir='ltr'>benivolentia</span> <span class='ocrx_word' id='word_1_123' title='bbox 774 1965 851 2032; x_wconf 85' lang='lat' dir='ltr'>erga</span> <span class='ocrx_word' id='word_1_124' title='bbox 870 1957 904 2010; x_wconf 86' lang='lat' dir='ltr'>te</span> <span class='ocrx_word' id='word_1_125' title='bbox 919 1953 1149 2031; x_wconf 79' lang='lat' dir='ltr'>omnibusque</span> 
     </span>
    </p>

    <p class='ocr_par' dir='ltr' id='par_1_6' title="bbox 107 2031 1225 2465">
     <span class='ocr_line' id='line_1_18' title="bbox 107 2031 1225 2145; baseline -0.017 -16"><span class='ocrx_word' id='word_1_126' title='bbox 107 2065 243 2133; x_wconf 86' lang='lat' dir='ltr'>meritis</span> <span class='ocrx_word' id='word_1_127' title='bbox 269 2053 508 2145; x_wconf 68' lang='lat' dir='ltr'>semprobaro,</span> <span class='ocrx_word' id='word_1_128' title='bbox 545 2055 611 2138; x_wconf 87' lang='lat' dir='ltr'>iple</span> <span class='ocrx_word' id='word_1_129' title='bbox 632 2047 687 2111; x_wconf 78' lang='lat' dir='ltr'>m&#39;e</span> <span class='ocrx_word' id='word_1_130' title='bbox 711 2039 1146 2136; x_wconf 61' lang='lat' dir='ltr'>hominem&#39;nonputabo.</span> <span class='ocrx_word' id='word_1_131' title='bbox 1223 2031 1225 2036; x_wconf 68' lang='lat'>,</span> 
     </span>
     <span class='ocr_line' id='line_1_19' title="bbox 109 2149 1147 2249; baseline -0.015 -16"><span class='ocrx_word' id='word_1_132' title='bbox 109 2165 191 2240; x_wconf 89' lang='lat' dir='ltr'>Tu,</span> <span class='ocrx_word' id='word_1_133' title='bbox 212 2169 257 2230; x_wconf 87' lang='lat' dir='ltr'>mi</span> <span class='ocrx_word' id='word_1_134' title='bbox 273 2161 387 2249; x_wconf 83' lang='lat' dir='ltr'>Oppi,</span> <span class='ocrx_word' id='word_1_135' title='bbox 408 2155 622 2223; x_wconf 78' lang='lat' dir='ltr'>conservabis</span> <span class='ocrx_word' id='word_1_136' title='bbox 645 2168 795 2212; x_wconf 87' lang='lat' dir='ltr'>amorem</span> <span class='ocrx_word' id='word_1_137' title='bbox 816 2161 930 2224; x_wconf 86' lang='lat' dir='ltr'>tuum,</span> <span class='ocrx_word' id='word_1_138' title='bbox 953 2149 1033 2232; x_wconf 85' lang='lat' dir='ltr'>(etii</span> <span class='ocrx_word' id='word_1_139' title='bbox 1050 2165 1147 2216; x_wconf 83' lang='lat' dir='ltr'>more</span> 
     </span>
     <span class='ocr_line' id='line_1_20' title="bbox 107 2249 1150 2351; baseline -0.019 -17"><span class='ocrx_word' id='word_1_140' title='bbox 107 2272 222 2351; x_wconf 84' lang='lat' dir='ltr'>magis</span> <span class='ocrx_word' id='word_1_141' title='bbox 238 2263 311 2330; x_wconf 89' lang='lat' dir='ltr'>hoe</span> <span class='ocrx_word' id='word_1_142' title='bbox 328 2263 463 2344; x_wconf 82' lang='lat' dir='ltr'>quidem</span> <span class='ocrx_word' id='word_1_143' title='bbox 487 2255 614 2322; x_wconf 84' lang='lat' dir='ltr'>scribo,</span> <span class='ocrx_word' id='word_1_144' title='bbox 642 2269 824 2333; x_wconf 88' lang='lat' dir='ltr'>quamquo</span> <span class='ocrx_word' id='word_1_145' title='bbox 845 2261 879 2312; x_wconf 91' lang='lat' dir='ltr'>te</span> <span class='ocrx_word' id='word_1_146' title='bbox 893 2249 1150 2324; x_wconf 80' lang='lat' dir='ltr'>admonendum</span> 
     </span>
     <span class='ocr_line' id='line_1_21' title="bbox 107 2353 1148 2465; baseline -0.018 -30"><span class='ocrx_word' id='word_1_147' title='bbox 107 2383 246 2465; x_wconf 84' lang='lat' dir='ltr'>putem,</span> <span class='ocrx_word' id='word_1_148' title='bbox 253 2371 268 2450; x_wconf 90' lang='lat'>)</span> <span class='ocrx_word' id='word_1_149' title='bbox 292 2364 433 2445; x_wconf 86' lang='lat' dir='ltr'>meaque</span> <span class='ocrx_word' id='word_1_150' title='bbox 454 2359 568 2423; x_wconf 85' lang='lat' dir='ltr'>omnia</span> <span class='ocrx_word' id='word_1_151' title='bbox 587 2353 744 2416; x_wconf 85' lang='lat' dir='ltr'>tuebere·</span> <span class='ocrx_word' id='word_1_152' title='bbox 737 2363 861 2434; x_wconf 71' lang='lat' dir='ltr'>,0quae</span> <span class='ocrx_word' id='word_1_153' title='bbox 881 2354 943 2416; x_wconf 82' lang='lat' dir='ltr'>tibi</span> <span class='ocrx_word' id='word_1_154' title='bbox 967 2371 1011 2414; x_wconf 88' lang='lat' dir='ltr'>ne</span> <span class='ocrx_word' id='word_1_155' title='bbox 1031 2356 1148 2439; x_wconf 80' lang='lat' dir='ltr'>ignota</span> 
     </span>
    </p>
   </div>
   <div class='ocr_carea' id='block_1_6' title="bbox 110 2452 1149 2544">
    <p class='ocr_par' dir='ltr' id='par_1_7' title="bbox 110 2452 1149 2544">
     <span class='ocr_line' id='line_1_22' title="bbox 110 2452 1149 2544; baseline -0.021 -6.482"><span class='ocrx_word' id='word_1_156' title='bbox 110 2469 241 2544; x_wconf 85' lang='lat' dir='ltr'>essent,</span> <span class='ocrx_word' id='word_1_157' title='bbox 261 2467 382 2534; x_wconf 87' lang='lat' dir='ltr'>Attico</span> <span class='ocrx_word' id='word_1_158' title='bbox 406 2458 579 2538; x_wconf 78' lang='lat' dir='ltr'>mandavi3</span> <span class='ocrx_word' id='word_1_159' title='bbox 605 2473 699 2517; x_wconf 87' lang='lat' dir='ltr'>ame</span> <span class='ocrx_word' id='word_1_160' title='bbox 719 2464 857 2528; x_wconf 80' lang='lat' dir='ltr'>antem,</span> <span class='ocrx_word' id='word_1_161' title='bbox 872 2465 975 2532; x_wconf 87' lang='lat' dir='ltr'>quum</span> <span class='ocrx_word' id='word_1_162' title='bbox 997 2452 1149 2539; x_wconf 82' lang='lat' dir='ltr'>paullum</span> 
     </span>
    </p>
   </div>
   <div class='ocr_carea' id='block_1_7' title="bbox 108 2553 1248 2642">
    <p class='ocr_par' dir='ltr' id='par_1_8' title="bbox 108 2553 1248 2642">
     <span class='ocr_line' id='line_1_23' title="bbox 108 2553 1248 2642; baseline -0.021 -2"><span class='ocrx_word' id='word_1_163' title='bbox 108 2575 175 2642; x_wconf 80' lang='lat' dir='ltr'>orii</span> <span class='ocrx_word' id='word_1_164' title='bbox 198 2572 287 2636; x_wconf 85' lang='lat' dir='ltr'>nacti</span> <span class='ocrx_word' id='word_1_165' title='bbox 311 2569 457 2636; x_wconf 82' lang='lat' dir='ltr'>erimus,</span> <span class='ocrx_word' id='word_1_166' title='bbox 491 2561 665 2624; x_wconf 84' lang='lat' dir='ltr'>uberiores</span> <span class='ocrx_word' id='word_1_167' title='bbox 692 2556 806 2620; x_wconf 85' lang='lat' dir='ltr'>literas</span> <span class='ocrx_word' id='word_1_168' title='bbox 832 2553 1034 2642; x_wconf 85' lang='lat' dir='ltr'>exspectato.</span> <span class='ocrx_word' id='word_1_169' title='bbox 1094 2553 1150 2619; x_wconf 80' lang='lat' dir='ltr'>Da</span> <span class='ocrx_word' id='word_1_170' title='bbox 1246 2617 1248 2624; x_wconf 84' lang='lat'>.</span> 
     </span>
    </p>
   </div>
   <div class='ocr_carea' id='block_1_8' title="bbox 109 2644 1150 2869">
    <p class='ocr_par' dir='ltr' id='par_1_9' title="bbox 109 2644 1150 2869">
     <span class='ocr_line' id='line_1_24' title="bbox 109 2644 1150 2763; baseline -0.018 -23.484"><span class='ocrx_word' id='word_1_171' title='bbox 109 2693 271 2763; x_wconf 86' lang='lat' dir='ltr'>operam,</span> <span class='ocrx_word' id='word_1_172' title='bbox 305 2681 345 2734; x_wconf 90' lang='lat' dir='ltr'>ut</span> <span class='ocrx_word' id='word_1_173' title='bbox 349 2644 492 2733; x_wconf 86' lang='lat' dir='ltr'>valeas.</span> <span class='ocrx_word' id='word_1_174' title='bbox 558 2661 636 2726; x_wconf 86' lang='lat' dir='ltr'>Hoc</span> <span class='ocrx_word' id='word_1_175' title='bbox 660 2657 744 2725; x_wconf 89' lang='lat' dir='ltr'>mihi</span> <span class='ocrx_word' id='word_1_176' title='bbox 767 2657 895 2744; x_wconf 82' lang='lat' dir='ltr'>gratius</span> <span class='ocrx_word' id='word_1_177' title='bbox 926 2657 1041 2722; x_wconf 76' lang='lat' dir='ltr'>iacere</span> <span class='ocrx_word' id='word_1_178' title='bbox 1062 2653 1150 2722; x_wconf 89' lang='lat' dir='ltr'>nihil</span> 
     </span>
     <span class='ocr_line' id='line_1_25' title="bbox 109 2789 223 2869; baseline -0.01 -28"><span class='ocrx_word' id='word_1_179' title='bbox 109 2789 223 2869; x_wconf 80' lang='lat' dir='ltr'>potes</span> 
     </span>
    </p>
   </div>
   <div class='ocr_carea' id='block_1_9' title="bbox 108 2797 1194 2986">
    <p class='ocr_par' dir='ltr' id='par_1_10' title="bbox 108 2797 1194 2986">
     <span class='ocr_line' id='line_1_26' title="bbox 108 2797 1194 2986; baseline -0.022 -10"><span class='ocrx_word' id='word_1_180' title='bbox 108 2880 731 2976; x_wconf 73' lang='lat' dir='ltr'>eeteronnoooxnvn</span> <span class='ocrx_word' id='word_1_181' title='bbox 749 2879 948 2986; x_wconf 67' lang='lat' dir='ltr'>(aare</span> <span class='ocrx_word' id='word_1_182' title='bbox 959 2797 1077 2958; x_wconf 80' lang='grc' dir='ltr'>ιιι</span> <span class='ocrx_word' id='word_1_183' title='bbox 1101 2885 1150 2982; x_wconf 63' lang='grc' dir='ltr'>,ιι</span> <span class='ocrx_word' id='word_1_184' title='bbox 1193 2961 1194 2964; x_wconf 9' lang='lat'>¹</span> 
     </span>
    </p>
   </div>
   <div class='ocr_carea' id='block_1_10' title="bbox 113 3019 1153 3231">
    <p class='ocr_par' dir='ltr' id='par_1_11' title="bbox 113 3019 1151 3231">
     <span class='ocr_line' id='line_1_27' title="bbox 122 3019 1064 3114; baseline -0.022 -18"><span class='ocrx_word' id='word_1_185' title='bbox 122 3043 127 3052; x_wconf 94' lang='grc'><strong>’</strong></span> <span class='ocrx_word' id='word_1_186' title='bbox 197 3035 263 3114; x_wconf 65' lang='lat' dir='ltr'>Ser.</span> <span class='ocrx_word' id='word_1_187' title='bbox 282 3033 315 3090; x_wconf 80' lang='lat' dir='ltr'>in</span> <span class='ocrx_word' id='word_1_188' title='bbox 331 3025 503 3091; x_wconf 83' lang='lat' dir='ltr'>Puteolano</span> <span class='ocrx_word' id='word_1_189' title='bbox 518 3023 601 3084; x_wconf 86' lang='lat' dir='ltr'>Vlll</span> <span class='ocrx_word' id='word_1_190' title='bbox 625 3021 672 3082; x_wconf 89' lang='lat' dir='ltr'>ld.</span> <span class='ocrx_word' id='word_1_191' title='bbox 693 3021 801 3102; x_wconf 79' lang='lat' dir='ltr'>Quint.</span> <span class='ocrx_word' id='word_1_192' title='bbox 823 3021 858 3079; x_wconf 84' lang='grc' dir='ltr'>Α.</span> <span class='ocrx_word' id='word_1_193' title='bbox 876 3019 917 3080; x_wconf 92' lang='lat' dir='ltr'><strong>U</strong></span> <span class='ocrx_word' id='word_1_194' title='bbox 932 3019 968 3080; x_wconf 82' lang='lat'>0.</span> <span class='ocrx_word' id='word_1_195' title='bbox 991 3037 1064 3097; x_wconf 85' lang='lat'><strong>709.</strong></span> 
     </span>
     <span class='ocr_line' id='line_1_28' title="bbox 113 3133 1153 3231; baseline -0.02 -18"><span class='ocrx_word' id='word_1_196' title='bbox 113 3149 322 3231; x_wconf 75' lang='lat' dir='ltr'>Indignatur</span> <span class='ocrx_word' id='word_1_197' title='bbox 312 3165 342 3206; x_wconf 84' lang='lat' dir='ltr'>m</span> <span class='ocrx_word' id='word_1_198' title='bbox 356 3141 570 3220; x_wconf 79' lang='lat' dir='ltr'>proscriptione</span> <span class='ocrx_word' id='word_1_199' title='bbox 584 3143 723 3200; x_wconf 77' lang='lat' dir='ltr'>ludorum</span> <span class='ocrx_word' id='word_1_200' title='bbox 740 3137 826 3195; x_wconf 69' lang='lat' dir='ltr'>Bruti</span> <span class='ocrx_word' id='word_1_201' title='bbox 841 3133 936 3211; x_wconf 78' lang='lat' dir='ltr'>rnenfi</span> <span class='ocrx_word' id='word_1_202' title='bbox 951 3133 1082 3216; x_wconf 75' lang='lat' dir='ltr'>Quintili</span> <span class='ocrx_word' id='word_1_203' title='bbox 1098 3155 1153 3228; x_wconf 71' lang='grc' dir='ltr'>ιιι·Ι</span> 
     </span>
    </p>
   </div>
   <div class='ocr_carea' id='block_1_11' title="bbox 156 3226 1268 3332">
    <p class='ocr_par' dir='ltr' id='par_1_12' title="bbox 156 3226 1268 3332">
     <span class='ocr_line' id='line_1_29' title="bbox 156 3226 1268 3332; baseline -0.02 -19"><span class='ocrx_word' id='word_1_204' title='bbox 156 3275 224 3315; x_wconf 85' lang='lat' dir='ltr'>men</span> <span class='ocrx_word' id='word_1_205' title='bbox 243 3245 313 3310; x_wconf 78' lang='lat' dir='ltr'>lulli</span> <span class='ocrx_word' id='word_1_206' title='bbox 333 3226 435 3305; x_wconf 81' lang='lat' dir='ltr'>datvm</span> <span class='ocrx_word' id='word_1_207' title='bbox 465 3263 490 3307; x_wconf 86' lang='grc' dir='ltr'>ι.</span> <span class='ocrx_word' id='word_1_208' title='bbox 530 3246 651 3325; x_wconf 79' lang='lat' dir='ltr'>quaerit</span> <span class='ocrx_word' id='word_1_209' title='bbox 671 3241 741 3318; x_wconf 80' lang='lat' dir='ltr'>quid</span> <span class='ocrx_word' id='word_1_210' title='bbox 757 3237 799 3316; x_wconf 78' lang='lat' dir='ltr'>sit</span> <span class='ocrx_word' id='word_1_211' title='bbox 821 3237 897 3316; x_wconf 66' lang='lat' dir='ltr'>quod</span> <span class='ocrx_word' id='word_1_212' title='bbox 920 3231 1154 3332; x_wconf 65' lang='lat' dir='ltr'>og&#39;ri&#39;petaeBuJ</span> <span class='ocrx_word' id='word_1_213' title='bbox 1261 3309 1268 3315; x_wconf 35' lang='lat'><strong>·</strong></span> 
     </span>
    </p>
   </div>
   <div class='ocr_carea' id='block_1_12' title="bbox 37 3337 1152 3538">
    <p class='ocr_par' dir='ltr' id='par_1_13' title="bbox 37 3337 1152 3538">
     <span class='ocr_line' id='line_1_30' title="bbox 157 3337 1152 3426; baseline -0.023 -9"><span class='ocrx_word' id='word_1_214' title='bbox 157 3356 251 3416; x_wconf 74' lang='lat' dir='ltr'>eliruli</span> <span class='ocrx_word' id='word_1_215' title='bbox 266 3349 371 3426; x_wconf 81' lang='lat' dir='ltr'>concisi</span> <span class='ocrx_word' id='word_1_216' title='bbox 384 3351 530 3405; x_wconf 81' lang='lat' dir='ltr'>dicantur</span> <span class='ocrx_word' id='word_1_217' title='bbox 558 3365 586 3408; x_wconf 80' lang='lat'>2.</span> <span class='ocrx_word' id='word_1_218' title='bbox 616 3346 810 3421; x_wconf 79' lang='lat' dir='ltr'>sennarum</span> <span class='ocrx_word' id='word_1_219' title='bbox 828 3337 868 3400; x_wconf 77' lang='lat' dir='ltr'>llr</span> <span class='ocrx_word' id='word_1_220' title='bbox 853 3351 939 3414; x_wconf 84' lang='lat' dir='ltr'>rvto,</span> <span class='ocrx_word' id='word_1_221' title='bbox 958 3337 1072 3415; x_wconf 68' lang='lat' dir='ltr'>[isterl</span> <span class='ocrx_word' id='word_1_222' title='bbox 1084 3337 1152 3414; x_wconf 83' lang='lat' dir='ltr'>pos·</span> 
     </span>
     <span class='ocr_line' id='line_1_31' title="bbox 37 3439 1152 3538; baseline -0.017 -19"><span class='ocrx_word' id='word_1_223' title='bbox 37 3459 39 3464; x_wconf 79' lang='grc'><strong>’</strong></span> <span class='ocrx_word' id='word_1_224' title='bbox 148 3460 211 3538; x_wconf 81' lang='lat' dir='ltr'>sit,</span> <span class='ocrx_word' id='word_1_225' title='bbox 234 3456 395 3530; x_wconf 78' lang='lat' dir='ltr'>navigatur</span> <span class='ocrx_word' id='word_1_226' title='bbox 381 3467 446 3508; x_wconf 83' lang='lat' dir='ltr'>rum</span> <span class='ocrx_word' id='word_1_227' title='bbox 467 3449 610 3522; x_wconf 71' lang='lat' dir='ltr'>ostendit.-</span> <span class='ocrx_word' id='word_1_228' title='bbox 624 3461 655 3519; x_wconf 98' lang='lat'>5</span> <span class='ocrx_word' id='word_1_229' title='bbox 698 3439 831 3505; x_wconf 84' lang='lat' dir='ltr'>debello</span> <span class='ocrx_word' id='word_1_230' title='bbox 853 3445 935 3504; x_wconf 80' lang='lat' dir='ltr'>civili</span> <span class='ocrx_word' id='word_1_231' title='bbox 952 3443 1028 3525; x_wconf 79' lang='lat' dir='ltr'>quill</span> <span class='ocrx_word' id='word_1_232' title='bbox 1048 3441 1152 3517; x_wconf 70' lang='lat' dir='ltr'>caspe«</span> 
     </span>
    </p>
   </div>
   <div class='ocr_carea' id='block_1_13' title="bbox 153 3525 992 3651">
    <p class='ocr_par' dir='ltr' id='par_1_14' title="bbox 153 3525 992 3651">
     <span class='ocr_line' id='line_1_32' title="bbox 153 3525 992 3651; baseline -0.024 -31"><span class='ocrx_word' id='word_1_233' title='bbox 153 3570 219 3620; x_wconf 73' lang='lat' dir='ltr'>stet</span> <span class='ocrx_word' id='word_1_234' title='bbox 240 3564 271 3638; x_wconf 93' lang='grc'>4.</span> <span class='ocrx_word' id='word_1_235' title='bbox 316 3557 355 3612; x_wconf 83' lang='lat' dir='ltr'>de</span> <span class='ocrx_word' id='word_1_236' title='bbox 371 3551 556 3628; x_wconf 78' lang='lat' dir='ltr'>explicandis</span> <span class='ocrx_word' id='word_1_237' title='bbox 559 3545 630 3620; x_wconf 74' lang='lat' dir='ltr'>filii</span> <span class='ocrx_word' id='word_1_238' title='bbox 641 3547 690 3624; x_wconf 80' lang='lat' dir='ltr'>sui</span> <span class='ocrx_word' id='word_1_239' title='bbox 706 3525 867 3607; x_wconf 78' lang='lat' dir='ltr'>rationibvs</span> <span class='ocrx_word' id='word_1_240' title='bbox 890 3559 922 3651; x_wconf 92' lang='grc'>5.</span> <span class='ocrx_word' id='word_1_241' title='bbox 988 3576 992 3591; x_wconf 76' lang='lat'><em>=</em></span> 
     </span>
    </p>
   </div>
   <div class='ocr_carea' id='block_1_14' title="bbox 188 3690 1149 3892">
    <p class='ocr_par' dir='ltr' id='par_1_15' title="bbox 188 3690 1149 3892">
     <span class='ocr_line' id='line_1_33' title="bbox 188 3690 1149 3772; baseline -0.015 0"><span class='ocrx_word' id='word_1_242' title='bbox 188 3767 190 3772; x_wconf 83' lang='grc'><strong>.</strong></span> <span class='ocrx_word' id='word_1_243' title='bbox 327 3698 535 3768; x_wconf 80' lang='lat' dir='ltr'>CICERO</span> <span class='ocrx_word' id='word_1_244' title='bbox 587 3692 847 3764; x_wconf 84' lang='lat' dir='ltr'><strong>ATTICO</strong></span> <span class='ocrx_word' id='word_1_245' title='bbox 894 3690 941 3760; x_wconf 99' lang='grc'><strong>8</strong></span> <span class='ocrx_word' id='word_1_246' title='bbox 1147 3753 1149 3758; x_wconf 81' lang='grc'>,</span> 
     </span>
     <span class='ocr_line' id='line_1_34' title="bbox 213 3789 1149 3892; baseline -0.021 -14"><span class='ocrx_word' id='word_1_247' title='bbox 213 3809 324 3879; x_wconf 80' lang='lat' dir='ltr'>Nonis</span> <span class='ocrx_word' id='word_1_248' title='bbox 334 3802 453 3892; x_wconf 76' lang='lat' dir='ltr'>Quint</span> <span class='ocrx_word' id='word_1_249' title='bbox 470 3801 547 3868; x_wconf 88' lang='lat' dir='ltr'>v&#39;eni</span> <span class='ocrx_word' id='word_1_250' title='bbox 563 3805 597 3864; x_wconf 90' lang='lat' dir='ltr'>in</span> <span class='ocrx_word' id='word_1_251' title='bbox 616 3797 859 3862; x_wconf 68' lang='lat' dir='ltr'>Puteolanum:</span> <span class='ocrx_word' id='word_1_252' title='bbox 893 3789 1084 3860; x_wconf 84' lang='lat' dir='ltr'>Postridie</span> <span class='ocrx_word' id='word_1_253' title='bbox 1074 3805 1149 3858; x_wconf 69' lang='lat' dir='ltr'>rene</span> 
     </span>
    </p>
   </div>
   <div class='ocr_carea' id='block_1_15' title="bbox 115 3983 1253 4226">
    <p class='ocr_par' dir='ltr' id='par_1_16' title="bbox 115 3983 1253 4226">
     <span class='ocr_line' id='line_1_35' title="bbox 160 3983 1253 4128; baseline -0.028 -15"><span class='ocrx_word' id='word_1_254' title='bbox 160 4038 418 4128; x_wconf 62' lang='lat' dir='ltr'>emiciffimum]</span> <span class='ocrx_word' id='word_1_255' title='bbox 429 4036 610 4112; x_wconf 77' lang='lat' dir='ltr'>Caesaremr</span> <span class='ocrx_word' id='word_1_256' title='bbox 665 4039 729 4104; x_wconf 84' lang='lat' dir='ltr'>Att.</span> <span class='ocrx_word' id='word_1_257' title='bbox 745 4034 776 4099; x_wconf 83' lang='lat' dir='ltr'>lv.</span> <span class='ocrx_word' id='word_1_258' title='bbox 793 3983 842 4098; x_wconf 63' lang='lat' dir='ltr'>ess,</span> <span class='ocrx_word' id='word_1_259' title='bbox 857 4040 930 4112; x_wconf 66' lang='lat'>374.</span> <span class='ocrx_word' id='word_1_260' title='bbox 946 4029 1085 4109; x_wconf 78' lang='lat' dir='ltr'>insertis)</span> <span class='ocrx_word' id='word_1_261' title='bbox 1103 3987 1155 4092; x_wconf 57' lang='lat' dir='ltr'>cs</span> <span class='ocrx_word' id='word_1_262' title='bbox 1249 4071 1253 4082; x_wconf 92' lang='lat'>.</span> 
     </span>
     <span class='ocr_line' id='line_1_36' title="bbox 115 4109 1237 4226; baseline -0.028 -25"><span class='ocrx_word' id='word_1_263' title='bbox 115 4142 176 4226; x_wconf 66' lang='lat' dir='ltr'>&#39;gvi</span> <span class='ocrx_word' id='word_1_264' title='bbox 195 4144 229 4204; x_wconf 86' lang='lat' dir='ltr'>in</span> <span class='ocrx_word' id='word_1_265' title='bbox 251 4137 347 4198; x_wconf 79' lang='lat' dir='ltr'>literis</span> <span class='ocrx_word' id='word_1_266' title='bbox 371 4109 545 4223; x_wconf 68' lang='lat' dir='ltr'>(epistolae</span> <span class='ocrx_word' id='word_1_267' title='bbox 569 4125 611 4192; x_wconf 80' lang='lat' dir='ltr'>etl</span> <span class='ocrx_word' id='word_1_268' title='bbox 667 4127 776 4191; x_wconf 73' lang='lat' dir='ltr'>moni</span> <span class='ocrx_word' id='word_1_269' title='bbox 794 4121 938 4192; x_wconf 72' lang='lat' dir='ltr'>omnbus</span> <span class='ocrx_word' id='word_1_270' title='bbox 959 4120 1063 4184; x_wconf 77' lang='lat' dir='ltr'>modis</span> <span class='ocrx_word' id='word_1_271' title='bbox 1082 4133 1155 4202; x_wconf 77' lang='lat' dir='ltr'>per·</span> <span class='ocrx_word' id='word_1_272' title='bbox 1230 4163 1237 4170; x_wconf 93' lang='lat'><em>.</em></span> 
     </span>
    </p>
   </div>
   <div class='ocr_carea' id='block_1_16' title="bbox 779 4217 1049 4330">
    <p class='ocr_par' dir='ltr' id='par_1_17' title="bbox 779 4217 1049 4330">
     <span class='ocr_line' id='line_1_37' title="bbox 779 4217 1049 4330; baseline -0.026 -41"><span class='ocrx_word' id='word_1_273' title='bbox 779 4293 797 4330; x_wconf 38' lang='lat'>,⁸</span> <span class='ocrx_word' id='word_1_274' title='bbox 976 4217 1049 4325; x_wconf 72' lang='lat' dir='ltr'>Ka</span> 
     </span>
    </p>
   </div>
   <div class='ocr_carea' id='block_1_17' title="bbox 0 0 1402 4614">
    <p class='ocr_par' dir='ltr' id='par_1_18' title="bbox 0 0 1402 4614">
     <span class='ocr_line' id='line_1_38' title="bbox 0 0 1402 4614; baseline 0 0"><span class='ocrx_word' id='word_1_275' title='bbox 0 0 1402 4614; x_wconf 95' lang='lat' dir='ltr'> </span> 
     </span>
    </p>
   </div>
  </div>
 </body>
</html>
