2724 4614
225 367 292 444 ,3⁶
432 287 746 428 arrs‘ronn'
784 313 1119 432 occcxv1.'
1206 425 1213 440 .
1305 329 1315 356 '

226 554 332 622 tolno.
373 549 476 618 Nunc
492 553 558 612 iam
581 548 651 614 sum
674 549 868 636 expeditus.
904 549 945 617 Ἀ
969 565 1006 616 te
1024 565 1124 640 peto,
1153 567 1190 620 ut
1211 557 1251 624 di·

124 735 128 744 ,
226 664 392 748 gnitatenr
412 671 523 716 meam
546 652 826 716 commendatam*
839 655 901 718 tibi
923 650 1066 727 habeas,
1089 651 1115 716 fi·
1135 677 1187 720 me
1208 663 1252 721 in·

225 759 371 842 telligit,
392 752 521 817 nullum
544 763 652 834 deque
674 751 880 838 periculum,
899 775 1009 837 neque
1030 753 1180 819 laborem
1203 780 1251 846 pa·

224 867 312 927 triae
336 855 528 942 donegall'e:
574 850 594 915 fi
627 866 747 916 contra
776 852 1076 940 importunilfimos
1105 855 1250 926 latrones

224 979 318 1026 arma
333 959 409 1042 cepi
432 968 465 1019 te
490 951 668 1024 hortante,
689 968 723 1016 et
739 967 896 1024 auctore·
918 955 938 1018 fi
955 976 1026 1020 non
1042 955 1147 1023 solum
1162 969 1251 1026 exer'·

224 1067 314 1128 citus
347 1059 387 1121 ad
420 1077 492 1120 rem
521 1057 691 1143 publicam
719 1054 1249 1141 libertatemquedelendendam

223 1162 440 1247 comparavi,
479 1153 535 1222 l'ed
563 1161 664 1220 eti'am
692 1156 924 1222 crudelisfimis
950 1165 1106 1248 tyrannis
1135 1168 1248 1252 eripui.

204 1245 321 1356 ’Quos
352 1257 595 1346 filoccnpal'set
618 1255 814 1332 Dolabella,
857 1281 927 1324 non
958 1259 1064 1326 folum
1089 1263 1249 1340 adventu,

217 1367 277 1434 led
294 1369 394 1428 etiam
414 1367 593 1446 opinione,
611 1375 647 1426 et
662 1361 911 1450 exspectatione
928 1370 1098 1430 exercitus
1123 1365 1169 1430 lui
1185 1367 1249 1430 An-

219 1475 350 1535 tonium
378 1461 614 1530 confirmasset.
660 1463 754 1552 Quas
777 1465 822 1528 ob
856 1481 911 1528 res
941 1463 1067 1531 nlilites
1095 1465 1247 1540 tuere‚li

219 1591 280 1638 eos
306 1565 447 1633 mirifice
468 1567 510 1630 de
533 1586 572 1630 re
594 1563 732 1652 publica
752 1557 981 1632 meritoe'elle
994 1569 1247 1636 animadvertis:

220 1685 254 1738 et
278 1668 392 1744 effice,
429 1689 472 1732 ne
495 1688 596 1751 quem
619 1672 808 1754 poeniteat,
840 1688 914 1732 rem
937 1668 1127 1755 publicam,
1151 1691 1248 1754 quam

217 1773 311 1860 spem
336 1771 482 1858 praedae
522 1781 556 1834 et
580 1775 790 1855 rapinarum,
826 1767 916 1853 sequi
947 1770 1109 1838 maluille.
1164 1771 1247 1836 Item

216 1875 335 1944 Murci
364 1885 399 1936 et
428 1869 556 1958 Crilpi,
592 1877 867 1958 imperatorum,
897 1874 1119 1974 dignitatem,
1151 1891 1248 1957 quan·

216 1989 291 2042 tum
313 1971 361 2038 elt
382 1977 417 2037 in
442 1984 492 2048 te,
517 1985 622 2038 tuere.
667 1968 754 2035 Nam
768 1969 882 2036 nanus
902 1975 1020 2040 milere
1034 1973 1145 2040 noluit
1167 1973 1246 2040 mihi

214 2077 384 2165 legionem
408 2076 554 2140 tradere.
598 2069 700 2162 Quod
718 2070 776 2136 nili
796 2073 919 2140 milites
937 2079 1045 2142 invito
1061 2095 1102 2140 eo
1118 2072 1247 2161 legatos

214 2181 258 2246 ad
283 2199 338 2243 me
360 2175 535 2249 mifilseot,
558 2171 698 2239 clausam
721 2173 908 2262 Apameam
930 2175 1104 2249 tenuisset,
1137 2177 1248 2258 quoad

212 2287 247 2348 vi
271 2279 350 2345 ellet
375 2288 575 2366 expugnata.
626 2273 722 2338 Haec
745 2263 942 2364 elopem,
977 2299 1047 2342 non
1066 2275 1173 2343 solum
1199 2285 1247 2346 rei

210 2381 386 2470 publicae,
417 2398 502 2462 quae
524 2379 586 2442 tibi
609 2375 741 2470 lemper
763 2379 826 2442 fnit
848 2377 1027 2453 carlllima,
1063 2377 1118 2444 led
1145 2387 1249 2446 etiam

112 2489 116 2496 '
211 2486 379 2547 amicitiae
395 2479 527 2556 noslrae
544 2484 699 2552 nomine,
717 2499 817 2560 quam
832 2478 970 2544 confido
984 2481 1073 2568 apud
1092 2493 1128 2545 te
1144 2482 1263 2570 pluri·-

209 2591 306 2648 mum
324 2579 426 2668 polle.
468 2580 582 2646 Crede
603 2575 705 2652 mihi,
725 2577 819 2645 hunc
836 2585 1046 2670 exercitum,
1065 2583 1250 2668 qnemlha·

209 2686 295 2758 beo,
327 2681 458 2748 leuatus
480 2693 581 2764 atque
599 2685 721 2766 optimi
743 2687 905 2762 cuiusque
923 2683 1006 2762 elle,
1027 2691 1246 2772 maximeque

207 2799 324 2868 tunm3
361 2787 414 2854 de¹
428 2790 525 2850 cuius
547 2781 723 2849 voluntate
745 2781 866 2848 alfidue
885 2785 1077 2860 audiendo,
1101 2785 1248 2854 mirifice

207 2899 243 2952 te
260 2885 390 2974 diligit,
411 2906 596 2968 carumque
618 2882 731 2950 habet.
775 2881 884 2968 Quill
905 2871 1132 2961 intellexerit,
1153 2911 1249 2954 corn·
1322 2953 1323 2970 p

205 2989 306 3054 moda
329 2987 383 3053 lna
404 3009 505 3053 curae
526 2991 588 3052 tibi
612 2985 697 3069 elle3
716 2984 844 3050 debere
868 2991 968 3051 etiam
990 2985 1022 3052 le
1044 2991 1107 3054 tibi
1128 2998 1246 3056 omnia

132 3105 137 3121 ¹
200 3073 347 3180 putabit·
393 3070 518 3155 [iteris
552 3088 684 3177 scriptis
723 3088 833 3159 audii,
867 3083 1082 3155 Dolabellam
1102 3097 1137 3156 in
1161 3093 1246 3159 Cili-

205 3197 291 3256 ciam
308 3191 431 3256 renille
455 3213 533 3254 cum
559 3189 624 3255 luis
642 3195 761 3276 copiis.
807 3185 1001 3255 Proficilcar
1021 3198 1056 3256 in
1074 3191 1245 3258 Ciliciam.

203 3291 296 3383 Quid
320 3298 468 3380 egerim,
496 3291 654 3386 celeriter
675 3304 714 3356 ut
743 3288 851 3362 scias,
874 3291 963 3356 dabo
984 3313 1139 3378 operam.
1185 3292 1245 3360 Ac

170 3477 174 3483 Ι
201 3394 327 3466 velim,
355 3403 392 3457 ut
412 3413 584 3456 meremur
607 3393 650 3455 de
673 3413 711 3456 re
735 3390 889 3479 publica,
916 3391 1099 3459 lic-lelioes
1124 3393 1243 3464 finano.

198 3493 266 3560 Fac
282 3493 413 3569 valeas,
431 3491 668 3578 niequeames.
712 3485 936 3568 Nonislllaii,
960 3491 1152 3564 excestria.
1320 3493 1321 3506 l

241 3799 447 3878 crudellffinla’r
463 3799 686 3888 lyrannt'ffln-
783 3818 859 3881 quot
881 3803 913 3878 fi
938 3759 1126 3890 ocanpnffet]
1169 3803 1238 3874 foll.

197 3892 288 3952 tortio
312 3904 344 3951 ea
358 3885 560 3957 Dolaoellae,
741 3889 904 3958 exercitur.
