<?xml version="1.0" encoding="UTF-8"?>
<!DOCTYPE html PUBLIC "-//W3C//DTD XHTML 1.0 Transitional//EN"
    "http://www.w3.org/TR/xhtml1/DTD/xhtml1-transitional.dtd">
<html xmlns="http://www.w3.org/1999/xhtml" xml:lang="en" lang="en">
 <head>
  <title>
</title>
<meta http-equiv="Content-Type" content="text/html;charset=utf-8" />
  <meta name='ocr-system' content='tesseract 3.04.00' />
  <meta name='ocr-capabilities' content='ocr_page ocr_carea ocr_par ocr_line ocrx_word'/>
</head>
<body>
  <div class='ocr_page' id='page_1' title='image "./mtciceronisepis00schgoog/mtciceronisepis00schgoog_0633.png"; bbox 0 0 2770 4616; ppageno 0'>
   <div class='ocr_carea' id='block_1_1' title="bbox 1013 144 1155 206">
    <p class='ocr_par' dir='ltr' id='par_1_1' title="bbox 1013 144 1155 206">
     <span class='ocr_line' id='line_1_1' title="bbox 1013 144 1155 206; baseline 0 -55"><span class='ocrx_word' id='word_1_1' title='bbox 1013 162 1018 206; x_wconf 50' lang='grc' dir='ltr'>Ι</span> <span class='ocrx_word' id='word_1_2' title='bbox 1146 144 1155 151; x_wconf 88' lang='grc'><strong><em>.</em></strong></span> 
     </span>
    </p>
   </div>
   <div class='ocr_carea' id='block_1_2' title="bbox 207 285 1155 428">
    <p class='ocr_par' dir='ltr' id='par_1_2' title="bbox 207 285 1155 428">
     <span class='ocr_line' id='line_1_2' title="bbox 207 285 1155 428; baseline -0.008 -12"><span class='ocrx_word' id='word_1_3' title='bbox 207 285 295 428; x_wconf 36' lang='lat'><strong>&#39;253</strong></span> <span class='ocrx_word' id='word_1_4' title='bbox 426 336 706 410; x_wconf 70' lang='lat' dir='ltr'><strong>amsrota</strong></span> <span class='ocrx_word' id='word_1_5' title='bbox 757 336 1070 408; x_wconf 75' lang='lat' dir='ltr'><strong>Dccxcvltt:</strong></span> <span class='ocrx_word' id='word_1_6' title='bbox 1152 403 1155 408; x_wconf 87' lang='lat'><em>.</em></span> 
     </span>
    </p>
   </div>
   <div class='ocr_carea' id='block_1_3' title="bbox 234 522 1269 722">
    <p class='ocr_par' dir='ltr' id='par_1_3' title="bbox 234 522 1269 722">
     <span class='ocr_line' id='line_1_3' title="bbox 235 522 1269 626; baseline -0.011 -21"><span class='ocrx_word' id='word_1_7' title='bbox 235 555 327 604; x_wconf 86' lang='lat' dir='ltr'><strong>nuno</strong></span> <span class='ocrx_word' id='word_1_8' title='bbox 342 531 407 603; x_wconf 84' lang='lat' dir='ltr'><strong>eit,</strong></span> <span class='ocrx_word' id='word_1_9' title='bbox 422 524 508 592; x_wconf 67' lang='lat' dir='ltr'><strong>‘curn</strong></span> <span class='ocrx_word' id='word_1_10' title='bbox 526 528 680 592; x_wconf 81' lang='lat' dir='ltr'><strong>exercitu</strong></span> <span class='ocrx_word' id='word_1_11' title='bbox 700 522 879 612; x_wconf 79' lang='lat' dir='ltr'><strong>proficisci.</strong></span> <span class='ocrx_word' id='word_1_12' title='bbox 921 525 1060 626; x_wconf 80' lang='lat' dir='ltr'><strong>Deinde</strong></span> <span class='ocrx_word' id='word_1_13' title='bbox 1075 545 1121 592; x_wconf 83' lang='lat' dir='ltr'><strong>ex</strong></span> <span class='ocrx_word' id='word_1_14' title='bbox 1140 527 1269 604; x_wconf 72' lang='lat' dir='ltr'><strong>litorio,</strong></span> 
     </span>
     <span class='ocr_line' id='line_1_4' title="bbox 234 626 1268 722; baseline -0.014 -17"><span class='ocrx_word' id='word_1_15' title='bbox 234 657 316 722; x_wconf 90' lang='lat' dir='ltr'><strong>quas</strong></span> <span class='ocrx_word' id='word_1_16' title='bbox 331 629 451 699; x_wconf 77' lang='lat' dir='ltr'>Pansae</span> <span class='ocrx_word' id='word_1_17' title='bbox 472 629 559 702; x_wconf 87' lang='lat' dir='ltr'><strong>mili,</strong></span> <span class='ocrx_word' id='word_1_18' title='bbox 584 626 768 718; x_wconf 76' lang='lat' dir='ltr'><strong>cognosces</strong></span> <span class='ocrx_word' id='word_1_19' title='bbox 784 635 909 694; x_wconf 85' lang='lat' dir='ltr'><strong>omnia.</strong></span> <span class='ocrx_word' id='word_1_20' title='bbox 954 628 1039 696; x_wconf 83' lang='lat' dir='ltr'><strong>Nam</strong></span> <span class='ocrx_word' id='word_1_21' title='bbox 1061 632 1126 718; x_wconf 75' lang='lat' dir='ltr'><strong>tibi</strong></span> <span class='ocrx_word' id='word_1_22' title='bbox 1151 629 1268 698; x_wconf 78' lang='lat' dir='ltr'><strong>earum</strong></span> 
     </span>
    </p>
   </div>
   <div class='ocr_carea' id='block_1_4' title="bbox 110 728 1245 1049">
    <p class='ocr_par' dir='ltr' id='par_1_4' title="bbox 110 728 1245 1049">
     <span class='ocr_line' id='line_1_5' title="bbox 110 728 1208 824; baseline -0.005 -20"><span class='ocrx_word' id='word_1_23' title='bbox 110 743 115 750; x_wconf 85' lang='lat'>&#39;</span> <span class='ocrx_word' id='word_1_24' title='bbox 237 733 412 824; x_wconf 82' lang='lat' dir='ltr'><strong>exemplar</strong></span> <span class='ocrx_word' id='word_1_25' title='bbox 434 728 516 795; x_wconf 87' lang='lat' dir='ltr'><strong>mili.</strong></span> <span class='ocrx_word' id='word_1_26' title='bbox 546 747 634 796; x_wconf 76' lang='lat' dir='ltr'><strong>xvir</strong></span> <span class='ocrx_word' id='word_1_27' title='bbox 655 728 729 796; x_wconf 83' lang='lat' dir='ltr'><strong>Kal.</strong></span> <span class='ocrx_word' id='word_1_28' title='bbox 745 729 1067 820; x_wconf 66' lang='lat' dir='ltr'><strong>Aprilcordubae.</strong></span> <span class='ocrx_word' id='word_1_29' title='bbox 1110 731 1208 798; x_wconf 84' lang='lat' dir='ltr'><strong>Vale.</strong></span> 
     </span>
     <span class='ocr_line' id='line_1_6' title="bbox 142 917 1245 1049; baseline -0.005 -48"><span class='ocrx_word' id='word_1_30' title='bbox 142 949 169 1049; x_wconf 40' lang='grc' dir='ltr'><strong><em>Ἰ</em></strong></span> <span class='ocrx_word' id='word_1_31' title='bbox 258 917 551 1000; x_wconf 82' lang='lat' dir='ltr'>EPISTOLA</span> <span class='ocrx_word' id='word_1_32' title='bbox 578 919 868 996; x_wconf 80' lang='lat' dir='ltr'><strong>Dccxclx.</strong></span> <span class='ocrx_word' id='word_1_33' title='bbox 895 922 978 1014; x_wconf 85' lang='lat' dir='ltr'><strong>·(ad</strong></span> <span class='ocrx_word' id='word_1_34' title='bbox 996 923 1099 1022; x_wconf 79' lang='lat' dir='ltr'><strong>Dir.</strong></span> <span class='ocrx_word' id='word_1_35' title='bbox 1117 924 1172 997; x_wconf 85' lang='lat' dir='ltr'><strong>X.</strong></span> <span class='ocrx_word' id='word_1_36' title='bbox 1191 924 1245 1018; x_wconf 90' lang='grc'><strong>6.)</strong></span> 
     </span>
    </p>
   </div>
   <div class='ocr_carea' id='block_1_5' title="bbox 365 1067 1137 1157">
    <p class='ocr_par' dir='ltr' id='par_1_5' title="bbox 365 1067 1137 1157">
     <span class='ocr_line' id='line_1_7' title="bbox 365 1067 1137 1157; baseline 0.003 -22"><span class='ocrx_word' id='word_1_37' title='bbox 365 1073 429 1136; x_wconf 84' lang='lat' dir='ltr'><strong>Sor.</strong></span> <span class='ocrx_word' id='word_1_38' title='bbox 446 1071 571 1133; x_wconf 80' lang='lat' dir='ltr'><strong>Rornae</strong></span> <span class='ocrx_word' id='word_1_39' title='bbox 590 1067 674 1134; x_wconf 85' lang='lat' dir='ltr'><strong>xm.</strong></span> <span class='ocrx_word' id='word_1_40' title='bbox 691 1071 762 1135; x_wconf 80' lang='lat' dir='ltr'><strong>Kal.</strong></span> <span class='ocrx_word' id='word_1_41' title='bbox 781 1075 859 1156; x_wconf 82' lang='lat' dir='ltr'><strong>Apr.</strong></span> <span class='ocrx_word' id='word_1_42' title='bbox 885 1074 922 1137; x_wconf 82' lang='grc' dir='ltr'><strong>Α.</strong></span> <span class='ocrx_word' id='word_1_43' title='bbox 936 1070 977 1136; x_wconf 88' lang='lat' dir='ltr'><strong>U.</strong></span> <span class='ocrx_word' id='word_1_44' title='bbox 994 1068 1031 1136; x_wconf 83' lang='lat' dir='ltr'><strong>C.</strong></span> <span class='ocrx_word' id='word_1_45' title='bbox 1065 1093 1137 1157; x_wconf 84' lang='lat'><strong>7¹0·</strong></span> 
     </span>
    </p>
   </div>
   <div class='ocr_carea' id='block_1_6' title="bbox 236 1184 1268 1394">
    <p class='ocr_par' dir='ltr' id='par_1_6' title="bbox 236 1184 1268 1394">
     <span class='ocr_line' id='line_1_8' title="bbox 236 1184 1268 1296; baseline -0.003 -23"><span class='ocrx_word' id='word_1_46' title='bbox 236 1184 563 1296; x_wconf 58' lang='lat' dir='ltr'><strong>Hortatur-,Plancum</strong></span> <span class='ocrx_word' id='word_1_47' title='bbox 579 1215 612 1266; x_wconf 76' lang='lat' dir='ltr'><strong>at</strong></span> <span class='ocrx_word' id='word_1_48' title='bbox 631 1207 768 1286; x_wconf 73' lang='lat' dir='ltr'><strong>feiungut</strong></span> <span class='ocrx_word' id='word_1_49' title='bbox 782 1209 818 1284; x_wconf 88' lang='lat' dir='ltr'><strong>se</strong></span> <span class='ocrx_word' id='word_1_50' title='bbox 831 1231 851 1268; x_wconf 82' lang='lat' dir='ltr'><strong>a</strong></span> <span class='ocrx_word' id='word_1_51' title='bbox 871 1209 1015 1288; x_wconf 77' lang='lat' dir='ltr'><strong>societate</strong></span> <span class='ocrx_word' id='word_1_52' title='bbox 1030 1213 1197 1286; x_wconf 81' lang='lat' dir='ltr'><strong>malorum,</strong></span> <span class='ocrx_word' id='word_1_53' title='bbox 1216 1199 1268 1288; x_wconf 62' lang='lat' dir='ltr'><strong>pa·</strong></span> 
     </span>
     <span class='ocr_line' id='line_1_9' title="bbox 278 1309 1268 1394; baseline 0.001 -21"><span class='ocrx_word' id='word_1_54' title='bbox 278 1331 400 1394; x_wconf 63' lang='lat' dir='ltr'><strong>pemque</strong></span> <span class='ocrx_word' id='word_1_55' title='bbox 414 1311 519 1372; x_wconf 77' lang='lat' dir='ltr'><strong>nonin</strong></span> <span class='ocrx_word' id='word_1_56' title='bbox 532 1310 625 1384; x_wconf 68' lang='lat' dir='ltr'><strong>armis</strong></span> <span class='ocrx_word' id='word_1_57' title='bbox 636 1309 751 1389; x_wconf 78' lang='lat' dir='ltr'><strong>pofitr&#39;s,</strong></span> <span class='ocrx_word' id='word_1_58' title='bbox 764 1311 822 1388; x_wconf 78' lang='lat' dir='ltr'><strong>sed</strong></span> <span class='ocrx_word' id='word_1_59' title='bbox 835 1311 989 1373; x_wconf 71' lang='lat' dir='ltr'><strong>tratiaco</strong></span> <span class='ocrx_word' id='word_1_60' title='bbox 1002 1334 1157 1375; x_wconf 79' lang='lat' dir='ltr'><strong>armorum</strong></span> <span class='ocrx_word' id='word_1_61' title='bbox 1165 1325 1195 1376; x_wconf 87' lang='lat' dir='ltr'><strong>et</strong></span> <span class='ocrx_word' id='word_1_62' title='bbox 1203 1315 1268 1394; x_wconf 74' lang='lat' dir='ltr'><strong>scr·</strong></span> 
     </span>
    </p>
   </div>
   <div class='ocr_carea' id='block_1_7' title="bbox 157 1415 632 1493">
    <p class='ocr_par' dir='ltr' id='par_1_7' title="bbox 157 1415 632 1493">
     <span class='ocr_line' id='line_1_10' title="bbox 157 1415 632 1493; baseline 0.004 -23"><span class='ocrx_word' id='word_1_63' title='bbox 157 1465 159 1470; x_wconf 91' lang='lat'><em>.</em></span> <span class='ocrx_word' id='word_1_64' title='bbox 276 1415 380 1475; x_wconf 73' lang='lat' dir='ltr'><strong>vitatis</strong></span> <span class='ocrx_word' id='word_1_65' title='bbox 399 1423 480 1471; x_wconf 82' lang='lat' dir='ltr'><strong>metu</strong></span> <span class='ocrx_word' id='word_1_66' title='bbox 494 1418 632 1493; x_wconf 68' lang='lat' dir='ltr'><strong>quaem.</strong></span> 
     </span>
    </p>
   </div>
   <div class='ocr_carea' id='block_1_8' title="bbox 484 1553 1019 1630">
    <p class='ocr_par' dir='ltr' id='par_1_8' title="bbox 484 1553 1019 1630">
     <span class='ocr_line' id='line_1_11' title="bbox 484 1553 1019 1630; baseline 0 -3"><span class='ocrx_word' id='word_1_67' title='bbox 484 1553 695 1627; x_wconf 81' lang='lat' dir='ltr'>CICERO</span> <span class='ocrx_word' id='word_1_68' title='bbox 774 1553 1019 1630; x_wconf 82' lang='lat' dir='ltr'><strong>PLANCO.</strong></span> 
     </span>
    </p>
   </div>
   <div class='ocr_carea' id='block_1_9' title="bbox 233 1692 1272 2189">
    <p class='ocr_par' dir='ltr' id='par_1_9' title="bbox 233 1692 1364 2189">
     <span class='ocr_line' id='line_1_12' title="bbox 339 1692 1269 1789; baseline 0.001 -27"><span class='ocrx_word' id='word_1_69' title='bbox 339 1697 437 1789; x_wconf 85' lang='lat' dir='ltr'><strong>Quae</strong></span> <span class='ocrx_word' id='word_1_70' title='bbox 458 1693 595 1762; x_wconf 86' lang='lat' dir='ltr'><strong>locutus</strong></span> <span class='ocrx_word' id='word_1_71' title='bbox 614 1693 662 1760; x_wconf 85' lang='lat' dir='ltr'><strong>eit</strong></span> <span class='ocrx_word' id='word_1_72' title='bbox 677 1692 823 1760; x_wconf 83' lang='lat' dir='ltr'><strong>Furnius</strong></span> <span class='ocrx_word' id='word_1_73' title='bbox 842 1692 957 1760; x_wconf 85' lang='lat' dir='ltr'><strong>noster</strong></span> <span class='ocrx_word' id='word_1_74' title='bbox 971 1697 1014 1762; x_wconf 91' lang='lat' dir='ltr'><strong>de</strong></span> <span class='ocrx_word' id='word_1_75' title='bbox 1030 1701 1142 1764; x_wconf 93' lang='lat' dir='ltr'><strong>animo</strong></span> <span class='ocrx_word' id='word_1_76' title='bbox 1156 1709 1216 1765; x_wconf 89' lang='lat' dir='ltr'><strong>tuo</strong></span> <span class='ocrx_word' id='word_1_77' title='bbox 1232 1701 1269 1765; x_wconf 90' lang='lat' dir='ltr'><strong>in</strong></span> 
     </span>
     <span class='ocr_line' id='line_1_13' title="bbox 234 1793 1271 1892; baseline -0.004 -22"><span class='ocrx_word' id='word_1_78' title='bbox 234 1823 307 1870; x_wconf 86' lang='lat' dir='ltr'><strong>rem</strong></span> <span class='ocrx_word' id='word_1_79' title='bbox 328 1799 517 1888; x_wconf 83' lang='lat' dir='ltr'>publicam,</span> <span class='ocrx_word' id='word_1_80' title='bbox 536 1819 574 1863; x_wconf 89' lang='lat' dir='ltr'><strong>ea</strong></span> <span class='ocrx_word' id='word_1_81' title='bbox 595 1793 773 1888; x_wconf 83' lang='lat' dir='ltr'><strong>gratillima</strong></span> <span class='ocrx_word' id='word_1_82' title='bbox 798 1795 937 1892; x_wconf 84' lang='lat' dir='ltr'><strong>luerunt</strong></span> <span class='ocrx_word' id='word_1_83' title='bbox 961 1796 1106 1874; x_wconf 89' lang='lat' dir='ltr'><strong>senatui,</strong></span> <span class='ocrx_word' id='word_1_84' title='bbox 1130 1799 1271 1890; x_wconf 93' lang='lat' dir='ltr'><strong>populo-</strong></span> 
     </span>
     <span class='ocr_line' id='line_1_14' title="bbox 235 1893 1270 1990; baseline -0.004 -21"><span class='ocrx_word' id='word_1_85' title='bbox 235 1925 301 1990; x_wconf 85' lang='lat' dir='ltr'><strong>que</strong></span> <span class='ocrx_word' id='word_1_86' title='bbox 314 1900 470 1968; x_wconf 85' lang='lat' dir='ltr'><strong>Romano</strong></span> <span class='ocrx_word' id='word_1_87' title='bbox 489 1895 726 1990; x_wconf 83' lang='lat' dir='ltr'><strong>probatillima·</strong></span> <span class='ocrx_word' id='word_1_88' title='bbox 770 1893 867 1980; x_wconf 81' lang='lat' dir='ltr'><strong>Quae</strong></span> <span class='ocrx_word' id='word_1_89' title='bbox 882 1909 995 1962; x_wconf 87' lang='lat' dir='ltr'><strong>autern</strong></span> <span class='ocrx_word' id='word_1_90' title='bbox 1019 1904 1181 1966; x_wconf 79' lang='lat' dir='ltr'>recitatae</span> <span class='ocrx_word' id='word_1_91' title='bbox 1201 1901 1270 1966; x_wconf 84' lang='lat' dir='ltr'><strong>lite·</strong></span> 
     </span>
     <span class='ocr_line' id='line_1_15' title="bbox 233 1997 1271 2080; baseline 0 -10"><span class='ocrx_word' id='word_1_92' title='bbox 233 2007 385 2076; x_wconf 84' lang='lat' dir='ltr'><strong>raelunt</strong></span> <span class='ocrx_word' id='word_1_93' title='bbox 408 2005 444 2070; x_wconf 86' lang='lat' dir='ltr'><strong>in</strong></span> <span class='ocrx_word' id='word_1_94' title='bbox 469 2001 599 2075; x_wconf 89' lang='lat' dir='ltr'><strong>lenatu,</strong></span> <span class='ocrx_word' id='word_1_95' title='bbox 620 2015 830 2080; x_wconf 82' lang='lat' dir='ltr'><strong>nequaquam</strong></span> <span class='ocrx_word' id='word_1_96' title='bbox 853 1997 1046 2067; x_wconf 79' lang='lat' dir='ltr'><strong>consentire</strong></span> <span class='ocrx_word' id='word_1_97' title='bbox 1063 2025 1141 2068; x_wconf 89' lang='lat' dir='ltr'><strong>cum</strong></span> <span class='ocrx_word' id='word_1_98' title='bbox 1154 2001 1271 2070; x_wconf 84' lang='lat' dir='ltr'><strong>Furnii</strong></span> 
     </span>
     <span class='ocr_line' id='line_1_16' title="bbox 233 2093 1272 2189; baseline -0.003 -18"><span class='ocrx_word' id='word_1_99' title='bbox 233 2109 388 2177; x_wconf 85' lang='lat' dir='ltr'><strong>oratione</strong></span> <span class='ocrx_word' id='word_1_100' title='bbox 408 2099 495 2170; x_wconf 87' lang='lat' dir='ltr'><strong>vilae</strong></span> <span class='ocrx_word' id='word_1_101' title='bbox 520 2101 605 2167; x_wconf 86' lang='lat' dir='ltr'><strong>lunt.</strong></span> <span class='ocrx_word' id='word_1_102' title='bbox 649 2093 746 2163; x_wconf 83' lang='lat' dir='ltr'>Pacis</span> <span class='ocrx_word' id='word_1_103' title='bbox 773 2100 863 2162; x_wconf 89' lang='lat' dir='ltr'><strong>enim</strong></span> <span class='ocrx_word' id='word_1_104' title='bbox 885 2116 1006 2166; x_wconf 81' lang='lat' dir='ltr'><strong>auctor</strong></span> <span class='ocrx_word' id='word_1_105' title='bbox 1031 2123 1128 2178; x_wconf 88' lang='lat' dir='ltr'><strong>eras,</strong></span> <span class='ocrx_word' id='word_1_106' title='bbox 1164 2126 1272 2189; x_wconf 89' lang='lat' dir='ltr'><strong>quum</strong></span> 
     </span>
    </p>
   </div>
   <div class='ocr_carea' id='block_1_10' title="bbox 92 2187 1271 2302">
    <p class='ocr_par' dir='ltr' id='par_1_10' title="bbox 92 2187 1271 2302">
     <span class='ocr_line' id='line_1_17' title="bbox 92 2187 1271 2302; baseline -0.003 -28"><span class='ocrx_word' id='word_1_107' title='bbox 92 2187 94 2196; x_wconf 42' lang='lat'><strong>¹</strong></span> <span class='ocrx_word' id='word_1_108' title='bbox 125 2275 128 2286; x_wconf 63' lang='grc'>,</span> <span class='ocrx_word' id='word_1_109' title='bbox 234 2207 483 2302; x_wconf 83' lang='lat' dir='ltr'><strong>collegatuus,</strong></span> <span class='ocrx_word' id='word_1_110' title='bbox 499 2207 557 2289; x_wconf 14' lang='lat' dir='ltr'><strong>qvir</strong></span> <span class='ocrx_word' id='word_1_111' title='bbox 582 2198 799 2276; x_wconf 84' lang='lat' dir='ltr'><strong>clarilfimus,</strong></span> <span class='ocrx_word' id='word_1_112' title='bbox 821 2221 840 2264; x_wconf 90' lang='lat' dir='ltr'><strong>a</strong></span> <span class='ocrx_word' id='word_1_113' title='bbox 863 2200 1057 2270; x_wconf 84' lang='lat' dir='ltr'><strong>foedillimis</strong></span> <span class='ocrx_word' id='word_1_114' title='bbox 1080 2203 1271 2272; x_wconf 79' lang='lat' dir='ltr'><strong>latronibus</strong></span> 
     </span>
    </p>
   </div>
   <div class='ocr_carea' id='block_1_11' title="bbox 223 2287 1292 3104">
    <p class='ocr_par' dir='ltr' id='par_1_11' title="bbox 223 2287 1362 3184">
     <span class='ocr_line' id='line_1_18' title="bbox 236 2287 1274 2394; baseline -0.002 -20"><span class='ocrx_word' id='word_1_115' title='bbox 236 2305 465 2376; x_wconf 86' lang='lat' dir='ltr'><strong>oblideretur:</strong></span> <span class='ocrx_word' id='word_1_116' title='bbox 502 2309 559 2390; x_wconf 91' lang='lat' dir='ltr'><strong>qui</strong></span> <span class='ocrx_word' id='word_1_117' title='bbox 582 2315 639 2368; x_wconf 86' lang='lat' dir='ltr'><strong>aut</strong></span> <span class='ocrx_word' id='word_1_118' title='bbox 662 2297 775 2388; x_wconf 75' lang='lat' dir='ltr'><strong>points</strong></span> <span class='ocrx_word' id='word_1_119' title='bbox 799 2307 904 2386; x_wconf 80' lang='lat' dir='ltr'><strong>armis</strong></span> <span class='ocrx_word' id='word_1_120' title='bbox 929 2323 1048 2390; x_wconf 81' lang='lat' dir='ltr'><strong>pacem</strong></span> <span class='ocrx_word' id='word_1_121' title='bbox 1072 2287 1192 2394; x_wconf 78' lang='lat' dir='ltr'><strong>petere</strong></span> <span class='ocrx_word' id='word_1_122' title='bbox 1217 2305 1274 2372; x_wconf 88' lang='lat' dir='ltr'><strong>de·</strong></span> 
     </span>
     <span class='ocr_line' id='line_1_19' title="bbox 233 2401 1274 2496; baseline -0.002 -20"><span class='ocrx_word' id='word_1_123' title='bbox 233 2411 335 2496; x_wconf 77' lang='lat' dir='ltr'><strong>bent5</strong></span> <span class='ocrx_word' id='word_1_124' title='bbox 364 2423 438 2482; x_wconf 88' lang='lat' dir='ltr'><strong>aut,</strong></span> <span class='ocrx_word' id='word_1_125' title='bbox 459 2403 691 2496; x_wconf 83' lang='lat' dir='ltr'><strong>lipugnantes</strong></span> <span class='ocrx_word' id='word_1_126' title='bbox 717 2422 791 2466; x_wconf 90' lang='lat' dir='ltr'><strong>eam</strong></span> <span class='ocrx_word' id='word_1_127' title='bbox 812 2401 1001 2490; x_wconf 75' lang='lat' dir='ltr'><strong>postulant,</strong></span> <span class='ocrx_word' id='word_1_128' title='bbox 1018 2411 1163 2473; x_wconf 86' lang='lat' dir='ltr'><strong>victoria</strong></span> <span class='ocrx_word' id='word_1_129' title='bbox 1184 2430 1274 2496; x_wconf 88' lang='lat' dir='ltr'><strong>pax,</strong></span> 
     </span>
     <span class='ocr_line' id='line_1_20' title="bbox 233 2499 1292 2600; baseline -0.004 -20"><span class='ocrx_word' id='word_1_130' title='bbox 233 2535 304 2580; x_wconf 88' lang='lat' dir='ltr'><strong>non</strong></span> <span class='ocrx_word' id='word_1_131' title='bbox 330 2515 487 2598; x_wconf 85' lang='lat' dir='ltr'><strong>pactione</strong></span> <span class='ocrx_word' id='word_1_132' title='bbox 512 2499 674 2600; x_wconf 80' lang='lat' dir='ltr'><strong>parienda</strong></span> <span class='ocrx_word' id='word_1_133' title='bbox 699 2502 756 2568; x_wconf 85' lang='lat' dir='ltr'><strong>eft.</strong></span> <span class='ocrx_word' id='word_1_134' title='bbox 799 2499 870 2570; x_wconf 88' lang='lat' dir='ltr'><strong>Sed</strong></span> <span class='ocrx_word' id='word_1_135' title='bbox 897 2505 941 2571; x_wconf 87' lang='lat' dir='ltr'><strong>de</strong></span> <span class='ocrx_word' id='word_1_136' title='bbox 967 2527 1052 2594; x_wconf 89' lang='lat' dir='ltr'><strong>pace</strong></span> <span class='ocrx_word' id='word_1_137' title='bbox 1074 2505 1195 2576; x_wconf 90' lang='lat' dir='ltr'><strong>literae</strong></span> <span class='ocrx_word' id='word_1_138' title='bbox 1217 2509 1292 2576; x_wconf 42' lang='lat' dir='ltr'><strong>vel*</strong></span> 
     </span>
     <span class='ocr_line' id='line_1_21' title="bbox 232 2601 1272 2699; baseline -0.002 -20"><span class='ocrx_word' id='word_1_139' title='bbox 232 2613 371 2699; x_wconf 87' lang='lat' dir='ltr'><strong>Lepidi,</strong></span> <span class='ocrx_word' id='word_1_140' title='bbox 393 2609 564 2685; x_wconf 73' lang='lat' dir='ltr'><strong>vultune,</strong></span> <span class='ocrx_word' id='word_1_141' title='bbox 594 2629 693 2695; x_wconf 86' lang='lat' dir='ltr'><strong>quarn</strong></span> <span class='ocrx_word' id='word_1_142' title='bbox 711 2601 753 2671; x_wconf 64' lang='lat' dir='ltr'><strong>‘in</strong></span> <span class='ocrx_word' id='word_1_143' title='bbox 775 2619 907 2687; x_wconf 87' lang='lat' dir='ltr'><strong>partem</strong></span> <span class='ocrx_word' id='word_1_144' title='bbox 930 2624 1089 2698; x_wconf 84' lang='lat' dir='ltr'><strong>acceptae</strong></span> <span class='ocrx_word' id='word_1_145' title='bbox 1114 2609 1198 2688; x_wconf 85' lang='lat' dir='ltr'><strong>fint,</strong></span> <span class='ocrx_word' id='word_1_146' title='bbox 1225 2633 1272 2678; x_wconf 80' lang='lat' dir='ltr'><strong>ex</strong></span> 
     </span>
     <span class='ocr_line' id='line_1_22' title="bbox 233 2705 1273 2801; baseline 0 -22"><span class='ocrx_word' id='word_1_147' title='bbox 233 2718 310 2780; x_wconf 86' lang='lat' dir='ltr'><strong>viro</strong></span> <span class='ocrx_word' id='word_1_148' title='bbox 331 2715 479 2797; x_wconf 87' lang='lat' dir='ltr'><strong>optimo,</strong></span> <span class='ocrx_word' id='word_1_149' title='bbox 506 2713 610 2778; x_wconf 78' lang='lat' dir='ltr'><strong>fratre</strong></span> <span class='ocrx_word' id='word_1_150' title='bbox 634 2724 713 2784; x_wconf 84' lang='lat' dir='ltr'><strong>tuo,</strong></span> <span class='ocrx_word' id='word_1_151' title='bbox 738 2719 773 2777; x_wconf 87' lang='lat' dir='ltr'><strong>et</strong></span> <span class='ocrx_word' id='word_1_152' title='bbox 793 2728 836 2772; x_wconf 88' lang='lat' dir='ltr'><strong>ex</strong></span> <span class='ocrx_word' id='word_1_153' title='bbox 857 2705 898 2774; x_wconf 83' lang='lat' dir='ltr'><strong>C.</strong></span> <span class='ocrx_word' id='word_1_154' title='bbox 918 2705 1054 2780; x_wconf 78' lang='lat' dir='ltr'><strong>Furniot</strong></span> <span class='ocrx_word' id='word_1_155' title='bbox 1068 2718 1195 2801; x_wconf 87' lang='lat' dir='ltr'><strong>poteris</strong></span> <span class='ocrx_word' id='word_1_156' title='bbox 1217 2735 1273 2778; x_wconf 89' lang='lat' dir='ltr'><strong>co·</strong></span> 
     </span>
     <span class='ocr_line' id='line_1_23' title="bbox 235 2797 1272 2906; baseline 0.003 -30"><span class='ocrx_word' id='word_1_157' title='bbox 235 2809 407 2901; x_wconf 85' lang='lat' dir='ltr'><strong>gnoscere.</strong></span> <span class='ocrx_word' id='word_1_158' title='bbox 451 2812 510 2878; x_wconf 91' lang='lat' dir='ltr'><strong>Me</strong></span> <span class='ocrx_word' id='word_1_159' title='bbox 537 2823 648 2906; x_wconf 81' lang='lat' dir='ltr'><strong>autem</strong></span> <span class='ocrx_word' id='word_1_160' title='bbox 669 2808 806 2898; x_wconf 88' lang='lat' dir='ltr'><strong>impulit</strong></span> <span class='ocrx_word' id='word_1_161' title='bbox 827 2797 877 2875; x_wconf 68' lang='lat' dir='ltr'><strong>t&#39;ui</strong></span> <span class='ocrx_word' id='word_1_162' title='bbox 904 2801 1049 2887; x_wconf 67' lang='lat' dir='ltr'><strong>caritas,</strong></span> <span class='ocrx_word' id='word_1_163' title='bbox 1076 2825 1132 2887; x_wconf 87' lang='lat' dir='ltr'><strong>ut,</strong></span> <span class='ocrx_word' id='word_1_164' title='bbox 1157 2833 1272 2897; x_wconf 88' lang='lat' dir='ltr'><strong>quam·</strong></span> 
     </span>
     <span class='ocr_line' id='line_1_24' title="bbox 232 2907 1272 3002; baseline 0.002 -22"><span class='ocrx_word' id='word_1_165' title='bbox 232 2935 335 2999; x_wconf 90' lang='lat' dir='ltr'><strong>quarn</strong></span> <span class='ocrx_word' id='word_1_166' title='bbox 358 2933 422 2978; x_wconf 86' lang='lat' dir='ltr'><strong>nec</strong></span> <span class='ocrx_word' id='word_1_167' title='bbox 440 2915 504 2980; x_wconf 88' lang='lat' dir='ltr'><strong>tibi</strong></span> <span class='ocrx_word' id='word_1_168' title='bbox 524 2912 582 3002; x_wconf 84' lang='lat' dir='ltr'><strong>ipli</strong></span> <span class='ocrx_word' id='word_1_169' title='bbox 600 2909 772 2980; x_wconf 83' lang='lat' dir='ltr'><strong>confilium</strong></span> <span class='ocrx_word' id='word_1_170' title='bbox 791 2907 936 2984; x_wconf 78' lang='lat' dir='ltr'><strong>deesset,</strong></span> <span class='ocrx_word' id='word_1_171' title='bbox 955 2925 990 2976; x_wconf 91' lang='lat' dir='ltr'><strong>et</strong></span> <span class='ocrx_word' id='word_1_172' title='bbox 1009 2913 1126 2980; x_wconf 79' lang='lat' dir='ltr'><strong>fratria</strong></span> <span class='ocrx_word' id='word_1_173' title='bbox 1142 2912 1272 2982; x_wconf 83' lang='lat' dir='ltr'><strong>Furnii·</strong></span> 
     </span>
     <span class='ocr_line' id='line_1_25' title="bbox 223 3007 1270 3104; baseline 0.001 -23"><span class='ocrx_word' id='word_1_174' title='bbox 223 3007 299 3101; x_wconf 67' lang='lat' dir='ltr'><strong>&#39;que</strong></span> <span class='ocrx_word' id='word_1_175' title='bbox 314 3013 560 3090; x_wconf 85' lang='lat' dir='ltr'><strong>benivolentia,</strong></span> <span class='ocrx_word' id='word_1_176' title='bbox 583 3014 759 3100; x_wconf 84' lang='lat' dir='ltr'><strong>fidelisque</strong></span> <span class='ocrx_word' id='word_1_177' title='bbox 774 3013 955 3104; x_wconf 87' lang='lat' dir='ltr'><strong>prudentia</strong></span> <span class='ocrx_word' id='word_1_178' title='bbox 972 3016 1034 3078; x_wconf 90' lang='lat' dir='ltr'><strong>tibi</strong></span> <span class='ocrx_word' id='word_1_179' title='bbox 1048 3013 1180 3102; x_wconf 86' lang='lat' dir='ltr'><strong>praesto</strong></span> <span class='ocrx_word' id='word_1_180' title='bbox 1190 3016 1270 3082; x_wconf 86' lang='lat' dir='ltr'><strong>ellet</strong></span> 
     </span>
    </p>
   </div>
   <div class='ocr_carea' id='block_1_12' title="bbox 142 3117 1267 3206">
    <p class='ocr_par' dir='ltr' id='par_1_12' title="bbox 142 3117 1267 3206">
     <span class='ocr_line' id='line_1_26' title="bbox 142 3117 1267 3206; baseline -0.003 -20"><span class='ocrx_word' id='word_1_181' title='bbox 142 3151 145 3160; x_wconf 40' lang='lat' dir='ltr'>v</span> <span class='ocrx_word' id='word_1_182' title='bbox 231 3119 362 3194; x_wconf 87' lang='lat' dir='ltr'><strong>lutura,</strong></span> <span class='ocrx_word' id='word_1_183' title='bbox 385 3117 507 3186; x_wconf 90' lang='lat' dir='ltr'><strong>vellem</strong></span> <span class='ocrx_word' id='word_1_184' title='bbox 531 3130 645 3182; x_wconf 87' lang='lat' dir='ltr'><strong>tamen</strong></span> <span class='ocrx_word' id='word_1_185' title='bbox 669 3135 765 3180; x_wconf 88' lang='lat' dir='ltr'><strong>meae</strong></span> <span class='ocrx_word' id='word_1_186' title='bbox 786 3135 920 3199; x_wconf 90' lang='lat' dir='ltr'><strong>quoque</strong></span> <span class='ocrx_word' id='word_1_187' title='bbox 940 3121 1175 3192; x_wconf 83' lang='lat' dir='ltr'><strong>auctoritatis,</strong></span> <span class='ocrx_word' id='word_1_188' title='bbox 1203 3139 1267 3206; x_wconf 90' lang='lat' dir='ltr'><strong>pro</strong></span> 
     </span>
    </p>
   </div>
   <div class='ocr_carea' id='block_1_13' title="bbox 229 3213 1359 3412">
    <p class='ocr_par' dir='ltr' id='par_1_13' title="bbox 229 3213 1359 3412">
     <span class='ocr_line' id='line_1_27' title="bbox 232 3213 1359 3308; baseline 0.003 -24"><span class='ocrx_word' id='word_1_189' title='bbox 232 3219 390 3308; x_wconf 79' lang='lat' dir='ltr'><strong>plurimis</strong></span> <span class='ocrx_word' id='word_1_190' title='bbox 414 3219 535 3306; x_wconf 74' lang='lat' dir='ltr'><strong>nostris</strong></span> <span class='ocrx_word' id='word_1_191' title='bbox 567 3213 885 3290; x_wconf 74' lang='lat' dir='ltr'><strong>necesitudinilus,</strong></span> <span class='ocrx_word' id='word_1_192' title='bbox 918 3231 1140 3306; x_wconf 86' lang='lat' dir='ltr'><strong>praeceptum</strong></span> <span class='ocrx_word' id='word_1_193' title='bbox 1163 3219 1204 3284; x_wconf 94' lang='lat' dir='ltr'><strong>ad</strong></span> <span class='ocrx_word' id='word_1_194' title='bbox 1232 3232 1268 3288; x_wconf 87' lang='lat' dir='ltr'><strong>te</strong></span> <span class='ocrx_word' id='word_1_195' title='bbox 1358 3255 1359 3260; x_wconf 13' lang='grc' dir='ltr'><strong>κ</strong></span> 
     </span>
     <span class='ocr_line' id='line_1_28' title="bbox 229 3315 1267 3412; baseline 0 -24"><span class='ocrx_word' id='word_1_196' title='bbox 229 3319 366 3412; x_wconf 85' lang='lat' dir='ltr'><strong>aliquod</strong></span> <span class='ocrx_word' id='word_1_197' title='bbox 380 3318 570 3410; x_wconf 67' lang='lat' dir='ltr'><strong>pervenire.</strong></span> <span class='ocrx_word' id='word_1_198' title='bbox 614 3317 726 3386; x_wconf 88' lang='lat' dir='ltr'><strong>Crede</strong></span> <span class='ocrx_word' id='word_1_199' title='bbox 739 3323 845 3410; x_wconf 82' lang='lat' dir='ltr'><strong>igitur</strong></span> <span class='ocrx_word' id='word_1_200' title='bbox 859 3317 956 3396; x_wconf 89' lang='lat' dir='ltr'><strong>mihi,</strong></span> <span class='ocrx_word' id='word_1_201' title='bbox 976 3315 1112 3396; x_wconf 82' lang='lat' dir='ltr'><strong>Plance,</strong></span> <span class='ocrx_word' id='word_1_202' title='bbox 1125 3341 1267 3398; x_wconf 61' lang='lat' dir='ltr'><strong>,omnen</strong></span> 
     </span>
    </p>
   </div>
   <div class='ocr_carea' id='block_1_14' title="bbox 608 3478 879 3528">
    <p class='ocr_par' dir='ltr' id='par_1_14' title="bbox 608 3478 879 3528">
     <span class='ocr_line' id='line_1_29' title="bbox 811 3478 860 3496; baseline 0 0"><span class='ocrx_word' id='word_1_203' title='bbox 811 3480 816 3492; x_wconf 86' lang='lat'><strong><em>¹</em></strong></span> <span class='ocrx_word' id='word_1_204' title='bbox 855 3478 860 3496; x_wconf 83' lang='lat' dir='ltr'><strong>l</strong></span> 
     </span>
     <span class='ocr_line' id='line_1_30' title="bbox 608 3507 879 3528; baseline 0 -3"><span class='ocrx_word' id='word_1_205' title='bbox 608 3507 879 3528; x_wconf 55' lang='lat' dir='ltr'><strong>m</strong></span> 
     </span>
    </p>
   </div>
   <div class='ocr_carea' id='block_1_15' title="bbox 143 3609 1265 3713">
    <p class='ocr_par' dir='ltr' id='par_1_15' title="bbox 143 3609 1265 3713">
     <span class='ocr_line' id='line_1_31' title="bbox 143 3609 1265 3713; baseline 0.001 -24"><span class='ocrx_word' id='word_1_206' title='bbox 143 3609 148 3626; x_wconf 62' lang='lat'>⁸</span> <span class='ocrx_word' id='word_1_207' title='bbox 270 3627 400 3713; x_wconf 78' lang='lat' dir='ltr'><strong>deinde]</strong></span> <span class='ocrx_word' id='word_1_208' title='bbox 419 3621 625 3694; x_wconf 80' lang='lat' dir='ltr'><strong>Nonhrbet,</strong></span> <span class='ocrx_word' id='word_1_209' title='bbox 649 3645 716 3710; x_wconf 89' lang='lat' dir='ltr'><strong>qno</strong></span> <span class='ocrx_word' id='word_1_210' title='bbox 815 3622 910 3706; x_wconf 71' lang='lat' dir='ltr'><strong>Epist</strong></span> <span class='ocrx_word' id='word_1_211' title='bbox 925 3625 1124 3692; x_wconf 79' lang='lat' dir='ltr'>DCCXCIX.</span> <span class='ocrx_word' id='word_1_212' title='bbox 1148 3631 1265 3710; x_wconf 75' lang='lat' dir='ltr'><strong>college</strong></span> 
     </span>
    </p>
   </div>
   <div class='ocr_carea' id='block_1_16' title="bbox 225 3707 1263 4136">
    <p class='ocr_par' dir='ltr' id='par_1_16' title="bbox 225 3707 1263 4049">
     <span class='ocr_line' id='line_1_32' title="bbox 228 3707 1263 3794; baseline -0.001 -16"><span class='ocrx_word' id='word_1_213' title='bbox 228 3719 383 3778; x_wconf 81' lang='lat' dir='ltr'><strong>referatur</strong></span> <span class='ocrx_word' id='word_1_214' title='bbox 411 3711 475 3774; x_wconf 87' lang='lat' dir='ltr'><strong>hoc</strong></span> <span class='ocrx_word' id='word_1_215' title='bbox 503 3713 617 3776; x_wconf 80' lang='lat' dir='ltr'><strong>deinde.</strong></span> <span class='ocrx_word' id='word_1_216' title='bbox 660 3713 716 3772; x_wconf 81' lang='lat' dir='ltr'><strong>Vt·</strong></span> <span class='ocrx_word' id='word_1_217' title='bbox 772 3710 862 3794; x_wconf 74' lang='lat' dir='ltr'><strong>tuus]</strong></span> <span class='ocrx_word' id='word_1_218' title='bbox 888 3711 925 3770; x_wconf 88' lang='lat' dir='ltr'><strong>D.</strong></span> <span class='ocrx_word' id='word_1_219' title='bbox 940 3707 1064 3785; x_wconf 72' lang='lat' dir='ltr'><strong>Bruttia,</strong></span> <span class='ocrx_word' id='word_1_220' title='bbox 1086 3735 1156 3774; x_wconf 84' lang='lat' dir='ltr'><strong>curn</strong></span> <span class='ocrx_word' id='word_1_221' title='bbox 1175 3715 1263 3777; x_wconf 79' lang='lat' dir='ltr'><strong>Plan-</strong></span> 
     </span>
     <span class='ocr_line' id='line_1_33' title="bbox 228 3793 1262 3879; baseline -0.001 -17"><span class='ocrx_word' id='word_1_222' title='bbox 228 3802 321 3861; x_wconf 88' lang='lat' dir='ltr'><strong>detnr</strong></span> <span class='ocrx_word' id='word_1_223' title='bbox 351 3795 438 3858; x_wconf 76' lang='lat' dir='ltr'><strong>luill&#39;o</strong></span> <span class='ocrx_word' id='word_1_224' title='bbox 471 3797 618 3874; x_wconf 81' lang='lat' dir='ltr'><strong>proficisci</strong></span> <span class='ocrx_word' id='word_1_225' title='bbox 645 3797 715 3857; x_wconf 81' lang='lat' dir='ltr'><strong>inda</strong></span> <span class='ocrx_word' id='word_1_226' title='bbox 770 3793 1262 3879; x_wconf 68' lang='lat' dir='ltr'><strong>eomtdefignaunbamonio</strong></span> 
     </span>
     <span class='ocr_line' id='line_1_34' title="bbox 226 3877 1262 4026; baseline -0.002 -78"><span class='ocrx_word' id='word_1_227' title='bbox 226 3883 483 3965; x_wconf 75' lang='lat' dir='ltr'><strong>soeprovincie.</strong></span> <span class='ocrx_word' id='word_1_228' title='bbox 508 3877 582 3940; x_wconf 79' lang='lat' dir='ltr'><strong>Em.</strong></span> <span class='ocrx_word' id='word_1_229' title='bbox 604 3881 711 3944; x_wconf 87' lang='lat' dir='ltr'><strong>Pollio</strong></span> <span class='ocrx_word' id='word_1_230' title='bbox 769 3887 901 4026; x_wconf 55' lang='lat' dir='ltr'><strong>dorqlno</strong></span> <span class='ocrx_word' id='word_1_231' title='bbox 935 3878 1085 3944; x_wconf 68' lang='lat' dir='ltr'><strong>militibus</strong></span> <span class='ocrx_word' id='word_1_232' title='bbox 1118 3885 1262 3960; x_wconf 74' lang='lat' dir='ltr'><strong>Mutinae</strong></span> 
     </span>
     <span class='ocr_line' id='line_1_35' title="bbox 225 3961 1085 4049; baseline -0.007 -18"><span class='ocrx_word' id='word_1_233' title='bbox 225 3971 344 4031; x_wconf 82' lang='lat' dir='ltr'><strong>videtur</strong></span> <span class='ocrx_word' id='word_1_234' title='bbox 362 3967 512 4049; x_wconf 80' lang='lat' dir='ltr'><strong>particula</strong></span> <span class='ocrx_word' id='word_1_235' title='bbox 527 3969 643 4038; x_wconf 78' lang='lat' dir='ltr'><strong>deinde,</strong></span> <span class='ocrx_word' id='word_1_236' title='bbox 657 3965 712 4028; x_wconf 81' lang='lat' dir='ltr'><strong>etli</strong></span> <span class='ocrx_word' id='word_1_237' title='bbox 767 3965 843 4029; x_wconf 84' lang='lat' dir='ltr'><strong>oble</strong></span> <span class='ocrx_word' id='word_1_238' title='bbox 869 3985 912 4029; x_wconf 81' lang='lat' dir='ltr'><strong>ur.</strong></span> <span class='ocrx_word' id='word_1_239' title='bbox 961 3961 1085 4025; x_wconf 74' lang='lat' dir='ltr'><strong>Monar-</strong></span> 
     </span>
    </p>

    <p class='ocr_par' dir='ltr' id='par_1_17' title="bbox 225 4049 1260 4136">
     <span class='ocr_line' id='line_1_36' title="bbox 225 4049 1260 4136; baseline 0 -21"><span class='ocrx_word' id='word_1_240' title='bbox 225 4055 323 4136; x_wconf 85' lang='lat' dir='ltr'><strong>paulo</strong></span> <span class='ocrx_word' id='word_1_241' title='bbox 337 4051 527 4124; x_wconf 80' lang='lat' dir='ltr'><strong>inlole&#39;ntiua,</strong></span> <span class='ocrx_word' id='word_1_242' title='bbox 541 4049 711 4134; x_wconf 80' lang='lat' dir='ltr'><strong>fignificaro</strong></span> <span class='ocrx_word' id='word_1_243' title='bbox 803 4049 908 4130; x_wconf 68' lang='lat' dir='ltr'><strong>fieti-e</strong></span> <span class='ocrx_word' id='word_1_244' title='bbox 921 4049 995 4134; x_wconf 84' lang='lat' dir='ltr'><strong>tuo]</strong></span> <span class='ocrx_word' id='word_1_245' title='bbox 1014 4069 1078 4112; x_wconf 89' lang='lat' dir='ltr'><strong>non</strong></span> <span class='ocrx_word' id='word_1_246' title='bbox 1086 4053 1124 4111; x_wconf 86' lang='lat' dir='ltr'><strong>T.</strong></span> <span class='ocrx_word' id='word_1_247' title='bbox 1140 4051 1260 4115; x_wconf 80' lang='lat' dir='ltr'><strong>Planco</strong></span> 
     </span>
    </p>
   </div>
   <div class='ocr_carea' id='block_1_17' title="bbox 225 4133 1260 4230">
    <p class='ocr_par' dir='ltr' id='par_1_18' title="bbox 225 4133 1260 4230">
     <span class='ocr_line' id='line_1_37' title="bbox 225 4133 1260 4230; baseline 0 -27"><span class='ocrx_word' id='word_1_248' title='bbox 225 4135 371 4204; x_wconf 82' lang='lat' dir='ltr'><strong>voluille:</strong></span> <span class='ocrx_word' id='word_1_249' title='bbox 394 4137 709 4230; x_wconf 62' lang='lat' dir='ltr'><strong>quaereliquasuut.1</strong></span> <span class='ocrx_word' id='word_1_250' title='bbox 765 4133 879 4212; x_wconf 71' lang='lat' dir='ltr'><strong>Durio,</strong></span> <span class='ocrx_word' id='word_1_251' title='bbox 901 4139 957 4220; x_wconf 85' lang='lat' dir='ltr'><strong>qui</strong></span> <span class='ocrx_word' id='word_1_252' title='bbox 981 4140 1165 4203; x_wconf 79' lang='lat' dir='ltr'><strong>nominatur</strong></span> <span class='ocrx_word' id='word_1_253' title='bbox 1189 4135 1260 4204; x_wconf 87' lang='lat' dir='ltr'><strong>Vll.</strong></span> 
     </span>
    </p>
   </div>
   <div class='ocr_carea' id='block_1_18' title="bbox 0 0 1390 4616">
    <p class='ocr_par' dir='ltr' id='par_1_19' title="bbox 0 0 1390 4616">
     <span class='ocr_line' id='line_1_38' title="bbox 0 0 1390 4616; baseline 0 2"><span class='ocrx_word' id='word_1_254' title='bbox 0 0 1390 4616; x_wconf 95' lang='lat' dir='ltr'><strong> </strong></span> 
     </span>
    </p>
   </div>
  </div>
 </body>
</html>
