2786 4614
336 304 985 394 errsronnoccxnvnt.
1095 313 1184 396 nus

135 467 380 583 xcommissione
415 503 647 574 Graecorum,
698 495 923 580 frequentiam
958 489 1034 564 'neb
1068 497 1183 568 initio:

110 691 112 696 Ι
141 612 395 702 quodquidam
419 627 475 670 me
503 607 643 676 minime
664 597 799 668 fefellit.
852 599 932 666 Scis
957 604 1067 677 enim,
1098 605 1183 688 quid
1214 659 1217 672 .

142 738 209 805 ego
222 714 266 778 de
275 711 423 812 ¹Graecis
435 707 526 776 ludis
543 702 750 772 existimem..

247 845 349 912 Nunc
369 843 446 910 audi
467 839 559 926 quod
579 839 687 928 pluris
706 835 771 911 est,
793 849 894 919 quam
904 841 1032 908 omnia.
1075 788 1214 926 omn-e

142 963 207 1018 tus.
225 951 289 1016 fuit
313 965 447 1012 mecum
472 944 545 1008 dies
568 939 782 1029 complures:
805 948 856 1011 et,
877 936 899 1002 fi
917 959 980 1026 ego
999 961 1180 1027 cuperem,

129 1052 202 1120 'ille
216 1052 269 1120 vel
285 1049 399 1140 plures
424 1043 553 1114 fuisset:
597 1043 671 1158 spd,
695 1053 857 1127 quantum
878 1039 961 1115 fuit,
982 1044 1202 1109 incredibile.
1286 1115 1295 1134 ·

144 1153 213 1226 est,
249 1169 427 1237 quemme
451 1154 486 1215 in
513 1151 608 1212 omni
631 1165 756 1234 genere
777 1143 971 1208 delectarit:
1011 1150 1047 1210 in
1073 1167 1183 1230 ecque
1243 1207 1246 1214 ,

119 1337 124 1348 ι
144 1259 368 1329 maxime‚·in
388 1255 457 1337 q'uo
472 1253 611 1316 minime
628 1247 861 1314 satisfaciebat.
905 1243 966 1311 Sic
980 1252 1071 1312 enirn
1090 1262 1187 1314 com·
1274 1245 1277 1255 '

144 1371 297 1423 mutatus
312 1356 359 1420 est
372 1366 488 1424 totus,
511 1363 546 1414 et
560 1347 690 1436 scriptis
709 1353 793 1412 meis
808 1346 1030 1432 quibusdam,
1050 1357 1185 1434 quaein

145 1461 305 1525 manibus
327 1455 515 1526 habebam,
537 1463 572 1514 et
590 1447 774 1546 assiduitate
788 1433 975 1524 orationis,
996 1464 1031 1516 et
1052 1473 1187 1540 praece·

127 1567 215 1649 ptis
234 1602 244 1634 ,
267 1571 305 1624 nt
325 1555 383 1622 tali
406 1561 520 1620 animo
539 1551 576 1616 in
589 1575 672 1642 rem
689 1551 880 1641 publicam,
899 1556 988 1636 quali
1010 1573 1076 1619 nos
1094 1531 1187 1620 vold-

145 1681 245 1736 mus‚
266 1661 402 1726 futurus
425 1657 474 1722 fir.
520 1657 597 1722 Hoc
615 1677 719 1740 quum
742 1653 824 1720 mihi
850 1675 919 1720 non
943 1657 1047 1721 modo
1066 1655 1188 1724 confir·

30 1792 35 1802 ·
146 1761 282 1836 mallet,
318 1761 372 1826 sed
397 1766 497 1824 etiam
521 1755 745 1844 persuasisset,
775 1761 846 1845 egit
867 1771 999 1822 mecum
1026 1771 1214 1822 accurate.

146 1864 266 1928 multis
284 1865 418 1936 verbis,
438 1861 502 1962 tibi
517 1871 553 1925 ut
577 1859 794 1946 sponderem,
815 1857 848 1924 se
864 1859 1057 1948 dignumet
1073 1873 1128 1936 te,
1150 1873 1186 1926 et

147 1969 249 2033 nobis
273 1967 444 2056 futurum3
482 1981 589 2042 neque
612 1959 644 2025 se
665 1957 853 2049 postulare,
871 1973 909 2026 ut
934 1961 1045 2036 statim
1070 1963 1210 2047 crede-¹

148 2089 227 2142 res,
260 2068 334 2140 sed,
357 2087 460 2150 quum
482 2063 551 2153 ipsa
575 2061 810 2151 perspexisses,
831 2076 905 2125 tum
928 2057 972 2128 ut'
988 2063 1021 2128 se
1043 2083 1186 2129 amares.

148 2169 253 2256 Quod
282 2165 340 2234 nii
370 2163 472 2233 fidem
504 2165 587 2231 mibi
616 2161 761 2233 fecisset,
805 2161 1069 2248 iudicassemque
1099 2161 1188 2238 hoo,
1241 2201 1244 2208 ⁴

150 2273 242 2355 quod
261 2270 358 2353 dico,
380 2265 514 2335 firmum
533 2269 625 2342 iore,
646 2289 714 2332 non
730 2263 878 2331 iecissem
895 2263 949 2339 id,
972 2265 1064 2351 quod
1080 2265 1189 2332 dictu·

149 2391 211 2436 rus
228 2369 309 2434 sum.
349 2371 441 2436 Duxi
457 2375 548 2436 enim
563 2391 697 2434 mecum
711 2367 956 2432 adolescentem
973 2366 1014 2430 ad
1028 2365 1186 2432 Bruturm

149 2471 211 2539 Sic
235 2477 264 2536 ei
288 2475 468 2560 probatum
483 2471 550 2546 est,
572 2471 660 2556 quod
677 2473 717 2535 ad
734 2483 770 2535 tc
792 2470 918 2544 scribo,
932 2481 980 2535 ¹ut
998 2471 1067 2556 ipsa
1081 2472 1189 2538 credi-

151 2575 259 2650 derit,
291 2595 346 2638 me
370 2573 560 2662 sponsorem
579 2578 734 2668 accipere
757 2571 924 2646 noluerit,
954 2591 1099 2654 eumque
1121 2569 1190 2644 lau-

150 2677 238 2742 dans
263 2674 452 2742 amicissime
476 2679 764 2766 mentionem-tui
796 2673 937 2748 secent,
984 2675 1189 2758 completius

151 2779 390 2866 osculatusque
418 2774 591 2842 dimiserit.
625 2777 867 2868 'Quamobrem
894 2773 952 2841 etsi
983 2781 1091 2865 magis
1125 2773 1191 2856 est,

535 2967 809 2990 m

155 3089 227 3163 68²·
255 3085 431 3158 fornacibrts
462 3084 559 3183 efflet.
604 3087 644 3150 Et
699 3085 778 3154 haec
795 3081 839 3148 est
856 3083 1007 3166 epistole,
1030 3105 1125 3167 qnam
1140 3089 1193 3152 Cia

153 3175 273 3236 ibidem
291 3173 342 3236 vl.
360 3193 411 3250 70.
433 3185 523 3253 atque
534 3171 646 3246 efflare,
700 3193 774 3236 cere
790 3173 831 3254 Q.
845 3169 910 3232 filio
929 3170 985 3254 ipsi
999 3173 1041 3232 ed
1057 3179 1193 3240 Atticum

149 3259 252 3336 foras.
295 3255 419 3318 risanae.
700 3257 923 3342 perferendam
1001 3259 1194 3328 tredidarat,

200 3345 400 3422 commistione
440 3337 646 3430 Graecorum]
701 3339 797 3425 ipsius
834 3344 987 3408 arbitratu
1029 3341 1193 3426 scriplpmj

156 3451 257 3514 qaum
280 3432 393 3492 Graeci
418 3429 485 3490 ludi
505 3434 648 3492 commit·
702 3431 744 3491 de
760 3445 823 3512 que
854 3425 940 3510 epist.
959 3443 1031 3509 747.
1054 3431 1194 3492 Atticum

155 3533 299 3580 serentur
331 3516 563 3599 infrequentem
588 3535 648 3592 pov
701 3530 889 3592 monuerat,
917 3531 958 3576 n'c
979 3513 1113 3577 laudibis
1137 3513 1198 3598 ipsi
1272 3576 1274 3584 ,

156 3601 269 3688 pulum
287 3596 415 3663 affuisse.
464 3595 647 3677 Commtffio·
703 3601 825 3664 bibetis
840 3602 969 3662 nimium
991 3598 1112 3664 fideret.
1207 3648 1212 3658 .

158 3710 197 3748 ne
213 3685 281 3768 ipso
301 3689 401 3748 initio.
446 3679 568 3746 Manet.
747 3687 777 3744 t'n
802 3707 858 3763 quo
882 3686 1004 3746 minim
1024 3683 1195 3764 satisfacie-

204 3767 649 3853 deGrcect'sludiseaistimem]
687 3769 777 3857 W]
835 3769 982 3854 Intelligit
1027 3776 1195 3838 amicitiem

158 3863 289 3920 minime
317 3857 449 3939 dignos,
494 3857 563 3936 qni·
585 3853 650 3934 spe·
705 3853 817 3933 Quinti
832 3876 902 3918 cum
917 3859 1197 3920 Antonioetcon·

159 3960 303 4016 crentur,
347 3963 398 4021 ep.
431 3963 458 4003 r.
500 3939 553 4002 lib.
580 3938 650 4010 vll,
706 3938 877 4004 sennonem
899 3961 969 4004 cum
995 3941 1197 4008 Caesarianis.

159 4027 216 4110 (b.
238 4027 287 4088 ed.
315 4029 405 4105 126.)
447 4019 572 4084 Manat.
707 4024 1063 4108 iih.x1v.14.17.rp
1086 4027 1129 4105 (lt.
1145 4031 1198 4099 ed.

160 4199 165 4206 ⁹
205 4134 238 4175 a.
261 4113 389 4214 Quintus
409 4108 499 4205 fnit]
530 4111 655 4193 Nempe
706 4113 874 4196 693..698.
892 4111 977 4196 700.)
1010 4109 1142 4183 Manet.
1188 4169 1191 4177 .
