2746 4620
152 363 154 368 ’
285 371 617 462 „EP'ISOEOLA
664 383 890 454 nocent.
994 343 1120 476 {aar
1190 328 1193 336 =

94 571 269 661 Corycum
279 569 311 662 sp
328 569 491 644 contulit,
513 583 548 635 et
562 568 671 636 clauso
685 561 797 670 'portu
812 571 842 636 se
861 548 1117 662 teuere'coepit.

92 673 166 740 Nos
182 673 236 736 illa
252 672 386 745 relicte,
411 671 502 754 quod
521 675 604 736 etin
621 669 724 736 eastra
742 675 919 758 pervenire
937 675 1035 760 satius
1052 675 1115 742 elle
1229 673 1232 680 ’

66 829 72 844 .
93 778 312 862 putabamus,
350 785 384 835 et
406 771 604 854 sequebatur
625 770 731 838 classis
753 770 873 847 altera,
903 797 1001 857 quam
1027 797 1115 843 anno

91 882 207 962 priore
225 880 258 954 ip
274 867 563 962 Bithynia'sillius
575 863 717 938 Cimber
733 859 955 960 compararas,
978 881 1032 942 cui
1046 873 1117 958 Tu·¹

91 975 198 1040 rusius
221 974 375 1058 quaestor
404 986 575 1062 praeerat3
620 973 773 1064 Cyprum
809 980 1001 1062 petivimus.
1064 979 1115 1044 lbi
1218 1033 1222 1044 .
1274 983 1279 996 ’

92 1097 178 1160 quae
208 1079 451 1164 cognovimus,
489 1073 634 1168 scribere
662 1072 704 1138 ad
717 1089 790 1140 uos
816 1098 914 1160 quam
939 1079 1114 1148 celerrime
1235 1067 1238 1072 ¹

91 1171 274 1244 v'oluir'nus.
317 1173 546 1250 Dolabellam,
580 1186 619 1241 ut
639 1173 839 1268 Tarsenses,
863 1177 999 1267 pessimi
1020 1178 1115 1254 socii,

91 1273 138 1344 ita
162 1278 362 1349 Laodiceni,
391 1275 501 1342 multo
520 1283 743 1350 amentiores,
774 1277 865 1342 ultro
886 1263 1115 1346 ancelberbnt:

63 1377 281 1464 'exquibus
312 1383 464 1461 utrisque
485 1381 696 1450 civitatibus,
734 1377 943 1446 Graecorum
970 1380 1115 1444 militum

75 1477 253 1554 numero,
274 1477 414 1566 speciem
433 1485 602 1544 exercitus
620 1477 744 1543 effecit.
789 1478 901 1545 Castra
924 1481 1116 1548 hebetante

91 1575 253 1670 oppidum
271 1579 469 1645 Laodiceam
490 1577 611 1668 posita,
633 1591 667 1643 et
682 1590 813 1668 partem
832 1586 918 1644 muri
934 1579 1115 1648 demolitus
1195 1603 1200 1612 ·

92 1682 160 1756 est,
192 1693 226 1746 et
250 1679 496 1769 castra-oppido
517 1686 702 1746 coniunxit.
758 1677 883 1747 Cassius
905 1682 1018 1748 noster
1037 1699 1148 1751 cum·
1238 1760 1249 1770 ‚

90 1787 212 1850 decem
235 1781 426 1869 legionibus
454 1795 488 1847 et
510 1779 710 1848 cohortibus
729 1785 846 1866 viginti
873 1781 1056 1848 auxiliariis
1080 1777 1133 1850 et'
1220 1815 1223 1828 ·

47 1935 51 1940 -
91 1881 243 1971 quatuor'
262 1881 401 1947 millium
417 1889 575 1966 ¹equitatu
599 1879 786 1948 a.millibus
809 1881 958 1970 passuum
981 1890 1127 1970 viginti,x

76 1987 197 2054 'castre
218 1984 320 2050 habet
340 1982 447 2072 pobta'
465 1976 601 2072 ssdirp:
622 1993 655 2046 et
677 1983 860 2054 existimat,
883 1985 915 2048 se
937 1981 1002 2049 sine
1022 2008 1116 2070 prae·

90 2087 136 2153 lio
159 2085 250 2176 posse
266 2091 412 2152 vincere.
460 2083 545 2148 Nam
570 2089 636 2148 iam
654 2085 761 2150 ternis
781 2075 1040 2152 tetradrachrnis
1059 2092 1115 2150 tri·
1216 2095 1236 2116 '·

90 2197 196 2254 ticum
212 2188 297 2275 apud
313 2181 603 2264 Dolabellam'est3
626 2179 683 2268 nisi
701 2181 780 2266 quid
796 2185 1114 2250 navibus-Laodice·
1167 2251 1174 2264 ,
1240 2211 1254 2278 '.

90 2311 212 2356 norum
232 2287 452 2376 supportarit,
482 2288 549 2347 cito
569 2284 656 2348 same
673 2295 789 2368 pereat
810 2281 939 2366 necesse
961 2283 1019 2350 eit.
1061 2285 1114 2352 Ne

88 2390 286 2478 supportare
309 2384 424 2472 polbt,
468 2393 503 2446 ct
526 2381 621 2448 Cassii
645 2379 750 2448 classis
772 2383 858 2448 bene
879 2404 1015 2472 magna,
1059 2393 1113 2454 cui

88 2487 217 2580 praeest
234 2483 398 2574 Sextilius
413 2484 542 2557 Rufus,
563 2495 598 2547 et
612 2495 703 2556 tres,
727 2503 808 2566 quas
824 2505 887 2548 nos
901 2486 1114 2564 adduximus,

90 2615 172 2681 ego,
198 2587 382 2664 Tarnim,
402 2583 568 2657 Patiscus,
587 2581 685 2648 facile
704 2581 932 2670 praestabunt.
972 2585 1018 2652 Et
1038 2589 1113 2654 volo
1185 2632 1188 2638 .
1238 2653 1243 2664 Ι
1279 2621 1286 2638 l

90 2713 151 2761 vos
168 2694 254 2755 bene
275 2690 423 2776 sperare,
448 2697 482 2750 et
497 2706 568 2748 rem
583 2679 770 2772 publicam,
786 2697 823 2752 ut
838 2697 871 2750 et
888 2706 948 2751 vos
969 2685 1041 2790 istic
1059 2711 1114 2756 ex·

88 2791 257 2885 pediistis,
277 2795 325 2855 ite
347 2811 409 2878 pro
430 2785 540 2853 nostra
559 2796 655 2876 parte
678 2786 835 2852 celeriter
849 2789 944 2852 vobis
962 2790 1134 2876 expediri,

86 2893 197 2984 posse,
233 2889 417 2958 confidere.
467 2887 562 2956 Vale.
598 2885 688 2952 Data
703 2888 824 2960 Idibus
842 2889 915 2956 Iun·
938 2887 1114 2984 Cypro,s

92 2999 281 3085 Crommyu
304 3028 317 3046 ·
340 2983 465 3058 acr'ide.

466 3127 737 3148 m

16 3245 17 3266 1
91 3211 198 3292 &daos
211 3209 409 3284 accessurum,
425 3225 456 3272 et
470 3227 576 3276 tamen
673 3199 768 3270 lestis
788 3211 1013 3272 tetradracimir
1035 3213 1115 3274 triti·

91 3303 223 3364 ulterius
240 3297 359 3380 semper
376 3295 551 3376 recedebat.
632 3296 711 3378 eum]
733 3295 911 3356 Medininus
936 3279 1027 3358 t'ritici
1043 3319 1114 3360 ven·

16 3405 18 3434 i
140 3381 306 3466 Corycum]
353 3379 508 3462 oppidum
545 3393 577 3440 et
633 3381 765 3442 debatur
782 3379 934 3456 duodenis
951 3379 1116 3456 drachmis,

89 3465 219 3556 portani
250 3467 387 3530 Ciliciae.
530 3497 534 3503 ·
631 3461 653 3529 s.
683 3463 815 3526 denariis
846 3465 1005 3530 Romanis.
1056 3468 1117 3529 ltu·

17 3581 18 3604 i
137 3553 250 3630 Caffius
269 3548 387 3632 noster]
410 3551 444 3611 C.
458 3545 574 3614 Cassius
631 3569 694 3632 que
709 3547 730 3610 fi
744 3549 784 3610 ad
797 3549 932 3614 nostram
943 3549 1120 3616 mensurato

88 3635 267 3724 proconsul.
307 3638 338 3696 Si
363 3632 442 3697 benc
462 3632 576 3716 episto·
631 3649 664 3694 et
686 3637 847 3713 pecuniam
872 3637 992 3717 eriges,
1019 3637 1117 3698 medi·
1149 3669 1152 3676 .

17 3747 19 3784 l
90 3717 330 3788 lambertini
347 3719 381 3781 C.
396 3717 491 3779 irater
508 3716 576 3778 scri·
631 3736 733 3790 mnus,
756 3719 1118 3800 quipaulomnoreru

51 3819 58 3834 '
90 3806 209 3892 pfiffet,
246 3825 312 3867 non
337 3799 449 3880 Caffius
479 3803 575 3877 noster
631 3801 1118 3871 modioBerolinensl,vendeba.
1192 3810 1196 3818 “

91 3910 127 3954 ut
154 3895 287 3972 opinor,
328 3885 382 3956 sed
409 3883 443 3952 C.
472 3883 576 3958 flaret·
632 3901 682 3948 tar
708 3883 830 3945 duobus
860 3879 990 3959 tbalerls¹
1014 3907 1050 3951 ac
1072 3891 1126 3952 di·'

18 3969 19 3974 ἵ
90 3973 255 4057 scripsisset.
513 4039 518 4048 ¹
630 3970 729 4033 midio
748 3965 844 4030 nollri
863 3973 992 4054 argenti.

134 4055 257 4140 nailrp]
283 4055 503 4140 PeltusSyriae
517 4075 575 4136 cp·
677 4049 836 4132 Crommyu
855 4086 868 4101 -
886 4054 1008 4139 aci-ide]
1031 4069 1118 4140 Κρομ-
1144 4090 1162 4142 3

19 4185 21 4202 1
89 4147 219 4230 pidum,
239 4141 415 4204 Laodiceae
431 4146 575 4223 primum.
630 4138 704 4218 psov
727 4135 911 4226 dxpccypri
926 4157 1120 4223 promonto-
1170 4157 1175 4194 ¹
