2726 4610
239 316 302 392 ,ιι
463 295 752 368 ιιιετοιιι
820 295 1060 364 nccxm.
1141 387 1146 397 ι

240 497 324 558 tiam
347 487 431 554 mihi
460 498 554 553 tuam
583 482 756 574 expoluit,
797 495 833 550 ct
852 465 938 570 mihi
967 505 1041 550 non
1064 489 1218 572 ignotam
1244 491 1294 570 in,

243 590 487 660 cousuetudine
515 600 550 653 et
579 586 805 654 familiaritate
825 583 1032 658 suavitatem
1054 599 1149 651 tuam
1172 589 1277 653 adiun·

242 702 315 778 xit;
340 703 516 781 praeterea
541 689 706 754 summam
726 707 805 775 erga
835 686 867 752 se
892 684 1142 754 liberalitatem.
1188 689 1277 775 Quae

244 800 361 866 omnia
396 788 482 856 mihi
521 791 688 866 iucunda,
748 789 814 854 hoc
846 803 1041 854 extremum
1079 795 1183 856 ctiam
1211 813 1278 880 gra·

244 913 322 964 tum
349 897 426 962 fuit
479 877 572 980 Ego,
597 891 739 968 Plance,
764 877 1041 957 necellitndinem
1067 891 1278 958 constitutam

246 999 354 1067 habui
374 1017 452 1062 oum
472 993 577 1058 domo
593 994 719 1068 vestra,
740 1007 819 1059 ante
839 993 1032 1077 aliquanto,
1050 1015 1153 1073 quam
1172 1007 1211 1060 tu
1230 1015 1280 1058 na·

246 1117 307 1172 tue
329 1099 430 1180 ellea3
451 1117 602 1162 amorem
622 1107 737 1162 autem
761 1115 844 1183 erga
864 1107 900 1160 te
923 1097 965 1160 ab
986 1087 1128 1162 ineunte
1143 1101 1280 1183 pueritia

246 1220 325 1290 tua;
348 1198 548 1270 confirmata
570 1204 637 1268 iam
659 1209 789 1272 aetate,
810 1197 1073 1268 familiaritatem
1098 1219 1202 1281 quum
1222 1196 1282 1260 itu·

135 1321 139 1336 “
247 1309 307 1374 dio
328 1325 424 1377 meo,
447 1313 521 1365 tum
541 1301 670 1366 iudicio
685 1312 748 1364 tuo
765 1300 995 1364 constitutam.
1037 1299 1104 1365 llis
1121 1302 1165 1364 de
1181 1299 1281 1364 caulis

248 1405 452 1476 mirabiliter
471 1403 569 1470 faveo
586 1402 743 1490 dignitati
762 1415 860 1474 tuae,
881 1421 983 1484 quam
995 1399 1081 1467 mihi
1099 1414 1214 1468 tecum
1229 1402 1284 1468 lla·

247 1524 309 1576 tuu
324 1507 450 1572 habere
466 1497 709 1571 communem-⁶
732 1504 860 1574 Omnia
877 1505 1007 1570 summa
1021 1504 1223 1572 consecutus
1238 1524 1285 1577 es,

160 1623 162 1632 '
250 1617 375 1682 virtute
396 1607 503 1681 duce,
525 1611 652 1672 comite
672 1607 830 1673 fortuna:
862 1599 967 1691 e'aque
987 1627 1024 1680 es
1048 1606 1192 1694 adeptus
1212 1607 1285 1669 adu·

250 1713 404 1786 tetcens,
424 1707 541 1774 miultis
556 1708 810 1795 invidentibus,
831 1731 918 1794 quos
939 1712 1097 1797 ingenio,
1117 1707 1287 1774 industria·

249 1823 319 1903 que
332 1811 472 1899 fregisti.
513 1808 616 1874 Nunc
631 1830 686 1876 me
702 1813 959 1880 amantiifimum
973 1816 1044 1884 tui,
1065 1814 1197 1875 nemini
1213 1830 1287 1874 con·

252 1917 453 1986 cedentem,
483 1914 540 1995 qui
559 1911 624 1976 tihi
638 1913 804 1996 vetustate
818 1913 1071 1982 necesitudinis
1086 1916 1207 1998 potior
1218 1909 1287 1998 poi·

252 2020 292 2086 it
314 2009 441 2092 diesi
464 2013 600 2088 audies,
620 2035 761 2080 omnem
781 2019 844 2082 tibi
864 2017 1014 2099 reliquae
1035 2017 1125 2080 vitae
1145 2013 1288 2100 dignita·

251 2135 321 2188 tem
344 2139 388 2184 ex
409 2119 542 2204 optimo
565 2119 616 2178 rei
630 2115 786 2202 publicae
809 2119 896 2183 {tatu
910 2122 1075 2210 acquires.
1118 2110 1199 2181 Scis
1215 2137 1289 2202 pro·

252 2224 363 2296 fecto,
386 2211 496 2301 (nihil
518 2221 608 2280 enim
631 2228 665 2279 te
686 2217 807 2306 fugere
827 2224 972 2307 potuit,)
1001 2217 1097 2284 inille
1118 2217 1295 2298 quoddam·

252 2315 409 2410 tempus,
429 2339 534 2404 quum
548 2317 706 2384 homines
725 2321 971 2396 existimarent,
992 2333 1026 2385 te
1043 2323 1144 2386 nimis
1167 2317 1291 2386 servire

252 2423 489 2526 ιιιιιηιοιιῑιιιε;Ι
509 2420 602 2505 quod
626 2439 690 2509 ego
712 2441 845 2505 quoque
867 2421 1111 2496 etdltimarem,
1132 2433 1169 2486 te
1191 2411 1220 2486 fi
1240 2443 1293 2500 ea,

254 2547 339 2612 quae
355 2509 549 2614 patiebare
571 2525 719 2611 probare
736 2528 837 2588 enam
853 2525 1052 2590 arbitrarer.
1097 2522 1172 2590 Sed
1189 2545 1292 2608 quum

252 2625 499 2713 intelligerem,
520 2624 600 2708 quid
625 2623 788 2698 sentires,
808 2636 844 2689 te
865 2627 1056 2691 arbitrabar
1072 2626 1190 2691 videre
1210 2627 1294 2710 quid

252 2727 375 2816 polles.
418 2725 519 2791 Nunc
536 2725 599 2790 alia
613 2729 700 2788 ratio
716 2725 775 2789 est.
818 2724 985 2793 Omnium
1001 2749 1116 2793 rerum
1130 2743 1232 2791 tuum
1249 2731 1296 2792 iu·

254 2831 381 2896 dicium
405 2827 468 2912 eit,
503 2827 605 2910 idque
634 2827 793 2893 liberum.
864 2827 991 2908 Consul
1015 2848 1052 2894 es
1076 2828 1299 2916 delignatm,

252 2935 381 3020 optima
409 2937 536 3004 aetate,
568 2926 696 2994 lumina
726 2913 949 3015 eloquentia,
971 2937 1119 2997 maxima
1140 2933 1299 2996 orbitate

230 3071 233 3078 »
250 3030 471 3121 reipublicae
488 3033 641 3096 virorum
661 3028 791 3097 talium.
833 3031 1017 3110 Incumbe,
1038 3057 1102 3124 per
1124 3033 1248 3100 deos
1237 3057 1299 3100 nn·

251 3133 436 3207 mortales,
473 3135 605 3196 ineam
627 3151 743 3197 curam
772 3145 808 3198 et
829 3139 1092 3222 cogitationem,
1118 3157 1207 3220 quae
1232 3139 1299 3202 tibi

251 3239 414 3304 summam
436 3234 638 3321 dignitatem
661 3245 696 3300 et
717 3233 860 3323 gloriam
884 3235 1016 3301 alferat.
1058 3237 1160 3304 Unua
1177 3251 1300 3302 autem

252 3337 318 3412 est,
338 3333 405 3400 hoc
424 3332 617 3422 praesertim
635 3346 810 3423 tempore,
830 3357 894 3424 per
913 3350 967 3404 tot
983 3359 1089 3430 annos
1105 3340 1299 3428 republica

252 3439 438 3512 devexati,
460 3439 509 3499 rei
532 3433 687 3521 publicae
712 3439 798 3502 bene
821 3441 991 3544 gerendae
1016 3441 1132 3507 curtus
1156 3441 1200 3506 ad
1225 3443 1298 3530 glo

186 3745 189 3753 “
251 3762 306 3830 pta
321 3743 428 3808 Planci
448 3741 580 3827 epistola
597 3764 680 3830 qnae
699 3743 744 3811 cll
799 3741 1160 3830 temereesequentibua
1174 3751 1299 3830 repeti·

251 3831 285 3897 h.
302 3831 352 3892 ed.
371 3841 444 3909 788.
589 3873 602 3892 .
798 3845 877 3895 tum.

294 3917 410 3974 etmihi
424 3933 483 3972 non
498 3911 648 3997 ignotum]
667 3913 744 3976 vnl-
841 3917 889 3974 νει·
920 3916 999 3990 publ.
1039 3909 1110 3974 lenc
1138 3921 1300 3996 gerendae

188 4033 194 4042 ·
253 4017 314 4080 go:
336 4007 370 4055 et
387 4009 544 4084 praeterea
563 4019 605 4058 ιιι.
627 4005 657 4056 ιι.
678 4001 741 4078 ign.
798 3997 921 4082 cursus]
963 3997 1118 4060 Emessiua
1156 4007 1301 4064 correxit

252 4071 502 4194 llludpractereu
516 4080 749 4172 hieremiel,
798 4107 833 4148 rc
850 4087 932 4164 publ.
951 4089 1022 4150 tene
1042 4089 1187 4172 gerendo.
1221 4085 1304 4153 Vul-
