2770 4616
204 359 273 424 na
384 278 1120 424 -em-sroensucnnxxxn'.
1201 433 1210 448 ,

205 537 301 618 tique
317 529 428 594 animo
444 523 547 590 facias
561 521 654 587 licet:
699 511 960 592 Tantnmenim
972 518 1057 588 mihi
1071 491 1242 600 dolorem,
1368 555 1370 606 i

206 637 462 711 cmuciatumque
486 623 673 692 attulerunt
689 606 814 688 'orlata
833 629 955 690 aetatis
977 645 1089 700 meae,
1108 636 1148 692 ut
1169 647 1242 692 non

103 759 106 764 λ
205 735 312 804 lolem
332 729 464 802 animus
480 747 498 792 a
514 727 633 798 lectis,
655 721 712 786 led
726 739 826 791 aures
847 741 980 808 quoque
996 745 1017 792 a
1033 747 1243 796 commemo·

206 842 338 904 ratione
353 829 571 898 abhorreant.
615 824 722 891 Cuius
745 835 782 895 te
802 821 1035 910 sollicitudinis
1060 843 1094 892 et
1112 827 1242 898 doloris
1368 839 1369 846 ¹

207 941 407 1029 participem
423 929 529 1004 luilse,
552 941 672 994 notum
689 927 972 1014 exploratumque
988 929 1036 994 elt
1052 927 1154 996 mihi:
1174 951 1240 994 nec

206 1041 242 1107 id
257 1041 394 1104 mirum.
436 1031 525 1098 Nam
547 1050 649 1114 quum
676 1033 789 1098 omnia
814 1051 889 1096 mea
918 1029 1013 1097 cause
1032 1028 1266 1097 vincemini·

206 1137 379 1226 lucceslap
395 1147 466 1206 turn
491 1137 593 1197 etiam
612 1143 681 1196 tua.
748 1129 889 1198 Socium
912 1137 1061 1198 enimte
1083 1150 1242 1222 meorum

207 1223 468 1316 commodorum
487 1231 617 1319 semper
633 1231 698 1318 elle
710 1231 812 1299 volui.
856 1234 957 1314 Quod
972 1239 1077 1321 igitur
1098 1243 1172 1297 tum
1196 1251 1243 1300 ex

203 1355 263 1412 me
276 1337 429 1414 doluisti,
450 1326 554 1409 nunc,
572 1345 611 1398 ut
627 1333 818 1424 duplicetur
833 1346 928 1402 tuum
944 1357 987 1400 ex
1000 1355 1053 1399 me
1067 1327 1243 1422 gaudium,
1272 1327 1276 1336 ’

206 1444 392 1536 praestabo.
438 1435 601 1524 Cratippo
616 1455 671 1499 me
688 1433 769 1502 lcito
786 1457 855 1501 non
877 1433 1157 1523 utdiscipulum,
1182 1433 1241 1498 sed

192 1541 385 1628 inutilium,
401 1535 476 1606 -elte
491 1531 806 1604 coniunctillimum.
850 1536 937 1604 Nam
955 1527 1059 1622 quum
1082 1537 1183 1604 audio
1203 1533 1242 1599 tt·

160 1663 163 1674 “
206 1647 276 1714 lum
294 1647 457 1714 libenter,
480 1643 669 1704 tumetium
687 1645 860 1729 propriam
876 1647 949 1708 cius
974 1638 1169 1705 suavitatem
1186 1657 1242 1704 ve·

131 1809 139 1822 ,
207 1747 389 1815 hementer
411 1737 619 1826 amplector..
664 1739 752 1808 Sum
774 1753 868 1810 totos
889 1743 963 1808 dies
986 1761 1066 1808 cum
1090 1761 1149 1818 eo,
1179 1759 1241 1804 no·

136 1883 138 1888 ·
182 1827 343 1932 rotisque
365 1847 606 1931 saepenumero
630 1856 783 1932 partem.¹
826 1843 942 1908 Exoro
967 1849 1077 1918 enim,
1110 1855 1149 1908 ut
1172 1861 1241 1907 me-

209 1973 286 2020 cum
298 1951 402 2034 uiuam
419 1939 722 2032 laepislimecenet.
766 1941 840 2008 Hac
854 1943 1050 2010 introducta
1065 1939 1241 2008 consuetu·
1308 1939 1319 1962 ¹
1368 1955 1370 1988 ⁴

209 2053 308 2126 dine,
331 2048 425 2138 [aepe
448 2031 670 2111 inscientibus
696 2047 794 2110 nobis
820 2057 855 2110 et
870 2045 1070 2110 cenantibus
1093 2045 1242 2134 obrepit,

168 2184 170 2195 v
208 2151 402 2234 sublataque
425 2143 851 2234 severitate‘philolophiae
873 2143 1107 2210 humanillime
1128 2149 1242 2214 nobis·
1369 2143 1370 2230 i

211 2277 291 2322 cum
304 2259 447 2318 iocatur.
492 2247 607 2336 Quare
621 2247 663 2313 da
678 2269 835 2336 operam,
856 2259 894 2314 ut
909 2247 1001 2314 hunc
1022 2245 1147 2324 talem,
1167 2247 1241 2316 ¹tum

209 2334 417 2428 iucundum,
448 2363 517 2416 tam
542 2348 765 2416 excellentem
787 2355 896 2432 uirum
921 2347 1034 2414 videas
1055 2370 1155 2434 quem
1173 2354 1244 2439 pri·

208 2455 330 2540 rn'um„
357 2452 445 2520 Nam
462 2451 541 2538 quid
561 2475 622 2539 ego
644 2453 686 2516 de
700 2451 833 2517 Bruttio
854 2446 991 2516 dicam?
1019 2447 1240 2534 quem-nullo

208 2573 366 2647 tempore
380 2575 399 2620 a
414 2576 469 2620 me
482 2561 593 2642 patior
610 2555 804 2632 discedere:
826 2555 921 2616 cuius
937 2572 1040 2633 quum
1057 2551 1169 2642 frugi,
1196 2537 1241 2619 l'ess

43 2733 48 2740 ,
169 2678 357 2741 'veraque
379 2654 428 2720 elt
456 2659 541 2734 vita,
580 2666 652 2719 tum
676 2660 777 2740 etiam
798 2647 1030 2720 iucundilfima
1054 2659 1240 2721 convictio.
1368 2695 1369 2700 κ

151 2749 163 2848 ,’
210 2757 292 2828 Non
308 2757 356 2826 elt
371 2761 461 2825 euim
476 2755 645 2823 inunctus
660 2745 755 2821 iocus
773 2775 790 2818 a
803 2750 1001 2844 philologia.
1024 2768 1059 2822 et
1074 2756 1240 2844 quotjdja.

174 2995 205 3032 ἱ

251 3073 346 3162 Epist.
360 3069 590 3142 ccccxxxi.
632 3081 696 3132 tan.
750 3069 782 3134 le
800 3065 845 3135 eli
866 3065 972 3146 inille,
996 3067 1117 3155 quibus
1130 3092 1241 3136 corro-

210 3176 275 3223 tum
311 3155 391 3224 enine'
426 3157 581 3242 delorem]
644 3157 695 3221 lo·
750 3155 914 3240 ptelectio
929 3161 968 3217 de
982 3151 1077 3218 Bruto
1090 3157 1241 3239 placeret.

91 3289 94 3304 ι
233 3268 312 3310 enne
336 3245 414 3309 haec
436 3251 468 3308 el
489 3245 565 3309 seria
587 3241 696 3306 adole·
752 3239 840 3326 Quid
853 3249 934 3314 euim
954 3238 1124 3312 absurdius,
1142 3265 1241 3326 queue

102 3400 113 3408 ,
210 3273 320 3396 deenen
336 3329 496 3394 e'iuvenlli
512 3327 630 3390 lascivia
654 3327 695 3390 ed
751 3325 782 3389 b.
797 3327 816 3390 l.
836 3330 877 3392 de
894 3323 943 3388 M.
963 3323 1055 3389 Bruto
1078 3329 1241 3413 cogitare?

209 3415 329 3480 bouem
373 3415 495 3502 lrugem
536 3413 696 3488 redeuntis
751 3411 827 3476 Fule
850 3417 1053 3483 Benedictus,
1076 3437 1171 3498 quem
1191 3427 1256 3478 tu·.

210 3523 338 3567 ornnem
365 3499 564 3582 turpitudinis
587 3519 694 3562 macu-
751 3497 995 3582 eptmtbocfit,
1015 3499 1240 3564 demonstravit

207 3581 696 3669 lemeffieerouefilioebsterge·
751 3587 792 3649 ed
811 3585 840 3650 h.
858 3587 878 3650 l.
1089 3647 1093 3652 ,

209 3671 397 3736 redebebat
427 3671 513 3752 apud
539 3669 694 3752 posteros,
786 3671 1044 3759 seiuncturiecus]
1069 3671 1147 3746 Hoc,
1164 3691 1238 3736 cum

146 3779 153 3798 ·
209 3755 266 3820 etsi
286 3776 353 3820 non
370 3755 555 3824 defuerunt,
578 3761 633 3836 qni
653 3753 695 3820 fic
751 3757 888 3820 Graevio
903 3757 1026 3840 reposui
1051 3779 1110 3838 pro
1129 3759 1237 3842 vulge-

181 3851 186 3860 '
210 3843 253 3906 de
268 3862 308 3904 ec
321 3841 505 3910 iudicarent,
550 3837 613 3903 uest
628 3845 694 3905 ciue
749 3856 785 3904 to
800 3845 890 3918 loces,
907 3845 996 3926 quod
1012 3865 1078 3906 noo
1096 3865 1113 3904 a
1128 3843 1239 3906 Victo·

208 3931 270 3991 nite
297 3945 455 4010 perpetuo
479 3861 582 3996 fuidet
614 3930 693 3992 vitiis
727 3929 799 3992 vriu
818 3927 943 3990 demum
962 3919 1122 3991 inductum
1138 3925 1180 3990 est
1202 3943 1237 3992 et

208 4011 357 4077 obnoxie.
636 4075 642 4082 ,
750 4012 974 4088 aGeblierd03
999 4011 1042 4076 est
1057 4017 1089 4076 in
1103 4013 1173 4074 edd.
1184 4033 1236 4092 pr.
1367 4019 1368 4048 l

251 4100 290 4158 de
303 4091 437 4184 Brettio]
483 4097 544 4175 ,Ἧι
563 4095 695 4162 credibi·
748 4083 1072 4179 cmnibue31hab'ent
1101 4113 1133 4163 et
1161 4095 1236 4163 libri
