2766 4610
848 147 863 177 e

913 187 930 222 ·
963 228 968 240 Δ

364 234 375 264 i

215 311 257 376 88
403 317 408 325 ’
439 295 725 367 EPISTOLA'
786 289 1029 372 DCCXVI.¹

218 481 318 573 quam
340 495 503 576 speraram
530 500 627 568 atque
647 497 820 571 optaram,
853 441 977 551 habere
996 499 1031 553 te
1045 488 1099 552 de
1107 511 1161 554 me
1176 495 1244 577 opi·

218 598 368 663 usonem,
386 596 541 675 cognovi.
585 587 636 650 De
651 607 742 670 qua
732 587 788 650 eisl
810 611 874 652 non
892 582 1096 663 dubitabam
1119 604 1246 667 tamen,

104 687 108 692 ’
222 699 297 776 quia
322 692 457 756 maximi
480 693 708 764 aestimabam,
730 704 766 753 ui
785 697 984 780 incorrupta
1010 707 1179 767 maneret,
1201 695 1245 758 la·

221 795 394 876 borabam.
462 794 624 858 Conscius
646 806 758 858 autem
782 793 863 858 inihi
888 818 998 870 eram,
1041 789 1245 860 nihilame

206 893 431 960 commissum
449 895 511 958 esse
521 893 642 988 ,quod
668 893 746 956 boni
764 901 959 978 cuiusquam
974 898 1165 961 offenderet
1180 901 1246 962 aui·
1286 970 1291 986 Ι

222 1017 327 1099 mum.
373 997 421 1060 Eo
444 1000 556 1058 minus
581 995 778 1069 credebam,
810 996 963 1081 plurimis
989 1003 1244 1084 atqueoptinrie

222 1102 349 1164 artibus
368 1110 487 1175 ornato
503 1100 564 1160 uui
579 1107 707 1158 temere
722 1098 902 1182 quidquam
920 1099 1107 1187 persuaderi
1124 1099 1247 1182 potuis*
1262 1165 1269 1174 ,

222 1202 275 1274 se,
291 1175 516 1288 praesertim
507 1221 541 1262 rn
558 1218 656 1279 quem
680 1217 752 1260 rnea
767 1202 928 1286 propensa
943 1215 976 1268 et
991 1195 1153 1288 perpetua
1172 1203 1247 1266 suis·

115 1323 117 1330 ¹
158 1379 160 1391 Ι
223 1305 269 1368 set
291 1315 390 1386 atque
413 1301 491 1366 esset
515 1299 750 1368 benivolentia.
795 1299 894 1387 Quod
922 1325 1043 1386 quum,
1078 1315 1127 1367 ut
1139 1305 1247 1380 vosur,

182 1397 288 1469 -'scio
310 1403 389 1468 esse:
418 1401 628 1488 respondebo
650 1403 870 1476 criminibus,
883 1408 1013 1488 quibus
1033 1417 1071 1470 tu
1091 1427 1152 1493 pro
1174 1430 1269 1482 me,-

94 1581 98 1590 Δ
223 1518 261 1571 ut
276 1527 336 1593 par
351 1521 423 1570 erat
451 1518 527 1568 tuae
542 1499 693 1587 singulari
717 1503 855 1568 boniiati
873 1517 906 1568 er
925 1512 1089 1570 amicitiae
1105 1511 1247 1596 nostrae,

157 1644 160 1657 .
222 1609 488 1695 saepereliitisti.
532 1603 724 1667 Notaenim
740 1604 821 1669 rrrhr
844 1605 933 1680 sunt,
955 1628 1157 1687 quaemme
1174 1613 1248 1698 post
1305 1669 1314 1676 .

223 1711 370 1778 Caesaris
390 1705 782 1772 morremconrulerunt.
829 1707 919 1770 Vitio
941 1707 1021 1772 mrsu
1035 1710 1133 1786 dant,
1154 1717 1246 1793 Quod
1276 1737 1279 1742 ·

222 1825 369 1875 mortem
394 1799 541 1886 hominis
568 1792 735 1870 necessarii
752 1815 900 1893 graviter
920 1809 1008 1891 sero;
1031 1811 1130 1896 aitque
1148 1836 1245 1891 eum,

188 1899 190 1910 ¹
224 1913 461 1996 quem'disoxi,
483 1907 615 1996 periisse
638 1910 809 1996 indignor,
851 1908 957 1974 Aiunt
975 1916 1081 1988 enim,
1102 1921 1246 2000 patriam

224 2015 388 2076 amicitiae
409 2013 682 2099 praeponendam
705 2009 786 2093 esse;
822 2012 962 2096 proinde
985 2015 1059 2077 acfi
1081 2021 1145 2079 iem
1160 2015 1246 2082 'vice-

224 2119 312 2186 rint,
334 2115 465 2178 obitum
484 2121 553 2178 eius
570 2119 618 2177 rei
636 2113 789 2201 publicae
806 2113 898 2179 fuisse
912 2114 1038 2178 utilem
1083 2115 1153 2182 Sed
1177 2138 1246 2184 nou
1265 2117 1268 2122 ’

224 2237 318 2302 agam
337 2215 452 2280 astute.
498 2208 635 2280 Fateor
661 2237 714 2278 mo
733 2215 773 2277 ad
786 2215 888 2278 istum
892 2220 1047 2301 gradum
1071 2217 1248 2316 sapientiae

222 2339 291 2382 non
316 2317 512 2404 pervenisse.
554 2317 670 2400 Neque
695 2323 782 2378 enim
801 2317 1005 2382 Caesarem
995 2343 1029 2383 in
1053 2309 1248 2386 dissensione

225 2419 315 2484 civili
329 2421 407 2487 sum
430 2419 578 2485 secutus
570 2467 579 2498 ,
601 2417 654 2481 sed
680 2424 842 2492 amicum,
865 2433 1062 2503 quamquam
1081 2443 1162 2488 reo
1142 2423 1248 2489 ofsen-

223 2520 346 2594 debar,
367 2534 481 2584 tamen
502 2541 570 2584 nou
586 2519 729 2584 deserui:
751 2541 868 2604 neque
884 2521 1007 2588 bessum
1030 2545 1186 2609 umquam
1203 2533 1247 2592 ci·

223 2806 353 2867 tentiam
374 2804 513 2871 suumin
538 2757 615 2870 esioe
634 2829 708 2870 con·
765 2807 882 2867 darivue
912 2803 994 2866 cesus
949 2797 1094 2871 s.esse
1135 2809 1248 2896 Itaque

222 2893 292 2952 fert.
767 2883 930 2952 Gronovio
947 2883 1100 2954 assentior.
1263 2939 1265 2944 -

267 2973 359 3053 Epist.
381 2965 554 3036 DCCXVs.
596 2986 629 3033 ut
651 2997 709 3051 pur
806 2977 1009 3060 contuerunt]
1067 2980 1118 3038 Sic
1161 2999 1247 3044 recto

222 3059 710 3143 erattunea-nostrueJIiale·
763 3061 916 3122 Weiakiue
946 3082 962 3121 e
993 3063 1063 3126 cod.
1087 3065 1175 3128 Gorl.
1213 3086 1247 3131 et

222 3145 358 3227 gendum
385 3161 416 3204 et
443 3145 708 3228 distinguendum,
763 3147 869 3229 Magd.
896 3147 999 3226 Vulgo
1016 3151 1213 3227 contulerint„

222 3249 288 3293 non
303 3247 344 3289 ut
372 3232 465 3310 vulgo
488 3244 519 3312 ur
539 3251 596 3304 par·
622 3243 705 3304 erat,
804 3236 933 3306 patrium
953 3234 1103 3292 amicitiae
1118 3255 1244 3312 praepo.
1325 3291 1333 3306 ,

222 3315 431 3390 turrsr'ugusarr'
444 3319 574 3373 bonitate
589 3327 618 3374 et
632 3318 707 3374 ami·
763 3317 906 3398 nendum]
928 3318 979 3377 Sic
998 3319 1165 3383 Lambinus
1180 3325 1246 3388 edi-

222 3403 294 3460 citia
322 3403 420 3475 nostra
450 3403 579 3476 restiti
556 3403 590 3458 i'.
656 3403 706 3462 Sic
763 3401 824 3474 dit,
864 3403 950 3484 quod
974 3419 1006 3463 et
1029 3407 1060 3470 in
1079 3403 1149 3468 Mis
1171 3409 1247 3470 dicit

222 3485 645 3558 donivin.11.c.55.ua
675 3495 706 3544 ut
762 3486 793 3548 se
821 3483 974 3566 reperisse.
1036 3486 1166 3551 Securus
1202 3493 1247 3556 est

222 3573 413 3646 constantibus
452 3572 613 3628 horninibus
649 3592 740 3649 par
756 3573 927 3640 Graevius,
970 3592 1063 3651 quern
1107 3578 1245 3640 imitatus

221 3669 348 3716 erot-
381 3648 512 3715 Gronov.
552 3656 705 3716 Weissdue
762 3655 835 3716 sum.
896 3657 947 3716 Sic
980 3673 1011 3716 et
1049 3659 1109 3720 Gu.
1133 3661 1156 3721 s.
1185 3665 1245 3730 Ed.

219 3742 386 3802 ablannnn
406 3745 537 3798 bonitate
560 3753 589 3798 et
605 3763 705 3798 camier
761 3741 893 3802 Medios.
921 3740 1044 3802 hebent.
1109 3746 1141 3804 Si
1176 3753 1246 3828 quia

219 3823 435 3897 tiadesuudir,
461 3829 637 3906 eodemque
657 3828 705 3886 so·
760 3825 847 3886 malit
876 3845 943 3887 cum
973 3828 995 3887 1.
1022 3830 1054 3888 F.
1079 3829 1245 3896 Gronovio

152 3915 154 3922 ’
196 3932 258 3972 -co
284 3932 319 3970 ex
342 3911 442 3971 Divin.
457 3911 496 3971 sl.
521 3933 547 3972 c.
562 3923 613 3984 55.
646 3915 705 3971 uti·
759 3914 876 3986 patriae
891 3915 1054 3970 urnicitinm
1071 3917 1247 3990 postponen-

220 4011 288 4066 tur,
310 4000 426 4075 inquo
450 4011 553 4057 temen
574 3997 703 4072 constan·
761 4001 846 4068 dnm,
876 3995 939 4058 n'on
967 4018 1157 4080 repugnem
1201 4002 1247 4067 est

221 4084 295 4137 aihu:
312 4082 472 4140 inormibus
486 4101 587 4164 aeque
600 4080 704 4164 potest
760 4085 843 4144 enirn
855 4081 956 4145 lenior
976 4089 1142 4148 correctio.
1186 4083 1246 4148 Er-

545 4373 566 4430 ὁ
