2766 4610
372 341 673 416 nmsroea
719 345 967 436 nccxam
1133 293 1222 446 1421¹
1289 331 1295 346 '

156 553 231 599 mae
251 529 287 598 id
310 537 435 622 opinor
457 531 523 600 esse
544 551 615 596 ccc
636 549 757 600 cxxx.
798 531 888 603 Novi
909 533 1027 621 siquid
1044 547 1126 620 erit,
1144 557 1191 612 at·

156 657 223 721 qne
246 640 346 700 etiam
370 631 392 698 sr
414 635 496 719 quid
523 634 728 723 prospicies,
772 637 863 720 qnod
891 637 1046 707 futorum
1069 622 1204 732 putes,¹

154 735 282 802 scribas
299 737 341 801 ad
357 733 412 801 ine
429 757 528 821 quam
545 733 724 823 saepissime
734 737 847 832 velim.
888 741 1054 819 Varroni,
1074 766 1191 830 quem·

154 841 341 931 admodum
362 841 425 906 tibi
449 839 622 913 mandavi,
648 844 847 906 memineris
870 843 1030 908 excusare
1052 848 1190 914 tardita-

153 955 225 1010 tem
236 941 411 1024 literarum
427 961 589 1008 mearum.
617 939 774 1006 Mundus
787 941 888 1007 istum
908 963 927 1004 e
950 965 970 1006 a
994 944 1199 1017 Milonius¹

154 1045 238 1132 quid
258 1039 368 1132 egerit
388 1045 430 1108 dc
453 1042 657 1109 testamento
680 1039 850 1123 (curiosus
870 1050 982 1131 enim)
1006 1048 1109 1118 iacias
1128 1073 1186 1120 ma

107 1195 111 1200 -
153 1145 256 1217 velim
278 1151 472 1244 certiorem.
513 1143 567 1210 Ex
581 1143 758 1232 Arpinati,
778 1159 818 1210 vt
837 1139 930 1208 Non.
1137 1159 1152 1211 t

170 1331 1166 1436 emenone-occatum(ecaterinae.)
1252 1298 1257 1312 ’

193 1491 259 1552 Scr.
275 1493 307 1552 in
319 1489 462 1572 Arpinati
474 1487 514 1551 V.
528 1488 614 1549 Non.
630 1484 761 1567 Quintil.
775 1474 879 1552 malta·
898 1491 936 1553 A.
951 1489 990 1552 U.
1010 1486 1056 1590 Ge
1068 1511 1141 1576 709.

114 1659 126 1686 t
152 1625 260 1701 Scribit
273 1628 308 1706 se
326 1619 424 1686 Nonis
447 1627 478 1686 in
496 1599 692 1681 Puteoidnnm
714 1625 834 1700 venire,
855 1625 950 1704 iisqne
963 1617 1058 1686 darier·
1076 1629 1183 1690 literae
1225 1606 1233 1618 ⁹

192 1732 374 1810 exspectare.

357 1853 566 1928 CICERO
629 1847 865 1927 ATTICO
924 1855 971 1926 S.

253 1983 345 2072 Ego,
378 1991 418 2044 ut
436 1976 480 2042 ad
501 1987 535 2040 te
555 1972 666 2064 pridie
688 1972 902 2062 scripseram,
927 1977 1040 2048 Nonis
1060 1983 1181 2051 consti·

143 2083 281 2154 lucram
297 2087 412 2150 venire
426 2085 461 2145 in
478 2076 711 2142 Puteolanum.
752 2076 804 2142 lbi
818 2082 923 2166 igitur
937 2083 1090 2165 quotidie
1102 2096 1177 2152 tuas
1293 2105 1295 2107 ·

146 2189 262 2256 literas
283 2181 504 2272 exspectabo,
537 2189 573 2244 et
592 2177 740 2246 maxime
767 2176 812 2242 de
836 2179 945 2265 ludis3
989 2187 1177 2269 dequibus
1371 2176 1374 2184 ⁴

147 2298 250 2360 etiam
267 2285 461 2356 adssrntum
475 2283 536 2348 tibi
551 2278 768 2346 scribendum
782 2277 839 2344 est.
886 2279 994 2348 Cuius
1009 2285 1178 2371 epistolae,

147 2415 249 2482 quam
268 2391 487 2478 interpretari
506 2381 576 2472 ipse
591 2387 649 2449 vix
664 2393 836 2472 poteram,
857 2385 1051 2480 exemplum
1063 2391 1177 2478 pridie

525 2567 796 2588 m

144 2699 210 2765 boc
230 2697 332 2763 sensns
365 2675 454 2780 qdod
480 2689 633 2756 Caerellia
730 2687 782 2756 M.
825 2687 962 2784 Ennius]
1014 2697 1176 2766 Corradoa
1281 2679 1284 2688 ’

169 2781 323 2866 roscripsrt
342 2785 525 2866 praedium,
544 2799 632 2844 cura·
689 2780 883 2862 qnia'rarnrn
903 2777 940 2845 [lt
958 2781 1022 2844 hoc
1036 2803 1174 2860 nomon,

143 2809 193 2936 lia
213 2871 269 2934 tibi
293 2873 448 2950 mancipio
469 2869 535 2929 dari
555 2884 631 2927 mec
688 2864 739 2927 vel
752 2861 801 2928 M.
825 2863 953 2941 huius,
981 2867 1029 2929 vel
1046 2866 1094 2930 M.
1113 2871 1173 2931 Aa.

144 2963 276 3022 nomine
309 2976 369 3035 pro
406 2974 443 3016 ee
478 2952 631 3034 pecunia,
687 2955 772 3027 nius,
813 2952 863 3014 vel
885 2948 1049 3012 Memmius
1068 2957 1176 3042 legen.

144 3063 241 3126 qnem
253 3041 422 3102 licitatoree
436 3041 468 3100 in
485 3043 631 3100 auctione
675 3036 912 3117 ‘dnmpntabat
931 3035 1173 3106 Sednihilcerti.

120 3125 311 3190 ‘maximam
336 3123 527 3186 obtulerunt.
731 3123 858 3198 curiosus
877 3121 979 3206 enim]
1006 3120 1046 3186 sc.
1067 3144 1116 3200 aa,
1140 3143 1173 3190 et

188 3209 321 3272 Mundus
352 3205 461 3292 istum]
503 3209 632 3268 Grono·
686 3207 934 3290 boniporabia·
963 3204 1108 3292 &ld-pa.
1125 3233 1174 3272 cae·

145 3301 213 3364 vina
226 3293 306 3357 h‘anc
319 3289 512 3376 aposiopesin
526 3291 567 3354 sic
580 3313 632 3353 ex·
687 3293 791 3369 ricfius
800 3325 841 3342 -
862 3287 988 3368 Ernesti.

144 3384 258 3467 plicat:
280 3381 419 3460 Mundae
432 3377 541 3444 isium,
562 3379 632 3460 qul·
729 3375 824 3459 Epist.
844 3377 1042 3452 Dccxbsst
1072 3381 1103 3439 in
1117 3378 1174 3447 Pu.

144 3473 272 3550 'conque
293 3461 353 3532 est,
385 3469 510 3547 quicum
535 3461 631 3524 habet
686 3462 860 3548 uolonum]
891 3464 937 3527 lta
959 3478 1046 3526 recte
1067 3485 1174 3531 emen.

142 3557 308 3638 negotium
332 3547 486 3611 exercebit
508 3547 557 3610 vel
578 3567 631 3609 ex·
687 3547 825 3611 dandum
845 3547 961 3612 censuit
977 3549 1174 3636 Mongaltine

143 3653 249 3702 erceat
269 3633 341 3699 sane.
382 3639 423 3696 At
437 3633 538 3696 molto
553 3653 630 3715 pro·
686 3633 769 3720 vulg.
789 3637 820 3694 in
843 3628 1034 3711 Tusculanum
1042 3655 1056 3706 ,·
1078 3653 1110 3700 et
1130 3637 1175 3704 fi,

143 3723 277 3788 habilior
305 3717 348 3782 esl
376 3717 427 3779 bic
453 3717 546 3782 verbe
575 3717 631 3780 asi·
685 3719 795 3802 polica
811 3721 908 3783 edidit
922 3719 1150 3790 Lasiamnndua.

142 3797 222 3893 qnot
254 3801 456 3890 intercidisse,
492 3823 630 3886 qnorum
729 3805 887 3890 deludis]
915 3805 1019 3880 Bruti,
1046 3808 1086 3868 da
1103 3819 1174 3893 qni·

138 3893 258 3958 sensum
287 3889 350 3954 sina
376 3889 471 3953 codd.
492 3889 629 3950 meliori·
684 3886 743 3951 bue
774 3889 876 3972 snpra.
916 3891 1034 3954 Eornrn
1062 3915 1172 3964 coram

15 3967 24 3986 ’
143 3981 201 4042 bna
232 3998 328 4040 nemo
364 3973 426 4038 asse
450 3980 482 4036 ui
523 3969 627 4057 possit.
682 3973 1111 4067 sosiinebatAtticoemegna
1131 4008 1172 4052 η

140 4065 255 4148 itaque
274 4065 407 4127 lacunae
428 3997 549 4146 sgnum
577 4045 628 4124 bri
682 4075 791 4142 parte,
833 4081 875 4124 uo
895 4079 927 4124 et
948 4062 1079 4146 sequane
1097 4089 1172 4155 pu.

140 4149 243 4236 posui.
413 4161 415 4166 '
683 4150 771 4214 boet
843 4149 945 4228 mesti.

1043 4282 1050 4300 Ι

857 4347 872 4360 -α
