2760 4616
368 289 683 394 'caterona'
738 273 943 395 noo'xu
998 283 1005 296 ’
1148 337 1191 408 aa

157 515 203 582 est
216 509 309 604 passa
325 511 517 582 voluntates
540 507 671 576 nostras
693 509 933 578 consuetudine
951 509 1188 600 conglutinari.
1279 589 1281 593 Α

78 687 86 704 .
154 617 190 684 T
193 639 278 688 uum,
289 629 403 702 tamen
421 619 498 700 'erga
513 635 567 676 me
583 617 733 678 animum
747 618 869 700 agnovi
891 612 1005 680 multis
1022 621 1119 702 annis
1133 635 1188 680 an·
1217 634 1225 682 t

153 731 190 784 te
212 709 475 791 belsum'civilm
501 739 604 800 quum
622 711 743 779 Caesar
765 712 845 778 esset
868 713 1039 796 inGasiia.
1084 717 1187 807 Quod

137 827 242 886 enim
264 817 483 886 vehementer
506 817 590 883 mihi
614 815 695 882 utile
718 813 782 880 esse
810 815 976 902 putbbas,
1015 839 1080 884 nec
1102 817 1187 885 utile
1238 876 1240 884 ,

152 919 211 1008 ipsi
235 921 387 996 Caesari,
409 917 597 1006 perfecisti,
617 931 662 984 ut
675 916 732 983 ille
753 937 808 981 me
833 915 1009 1000 diligeret,
1038 915 1183 994 coleret,
1208 909 1213 916 ’

152 1020 304 1111 haberet.
320 1029 355 1086 in
380 1025 457 1088 suis.
499 1019 613 1102 Multa
635 1029 830 1105 praetereo,
863 1037 948 1102 quae
967 1021 1183 1107 temporibus

152 1122 219 1192 illis
240 1128 332 1188 inter
353 1143 417 1188 nos
439 1119 686 1188 familiarissime
708 1121 814 1194 dicta,
835 1119 981 1207 scripta,
997 1127 1185 1188 communi·

154 1238 226 1290 cat'a
255 1224 340 1290 sunt.
382 1223 545 1288 Graviora
569 1226 659 1288 enim
687 1219 861 1286 consecuta
881 1221 964 1287 sunt.
987 1277 989 1284 ,
1011 1223 1055 1288 Et
1083 1228 1183 1310 initio

152 1325 233 1391 bessi
249 1325 356 1392 civilis
373 1347 476 1410 quum
490 1320 704 1404 Brundisium
718 1322 858 1388 versus
849 1343 918 1388 rres
935 1321 977 1388 ad
995 1303 1183 1399 Caesarem,
1256 1401 1258 1406 Ι

152 1427 270 1496 venisti
296 1427 336 1492 ad
360 1415 431 1490 me‘
441 1430 477 1490 in
503 1417 729 1488 Formianum.
796 1415 946 1490 Primum
974 1429 1044 1490 hoc
1073 1423 1183 1513 ipsum

151 1534 285 1616 quanti,
306 1525 501 1616 praesertim
527 1529 739 1626 temporibus
762 1524 853 1592 illis?
880 1525 1019 1608 Deinde
1035 1525 1188 1592 obsitum

142 1653 205 1720 ⁴me
218 1643 316 1717 putas
332 1626 476 1702 confilii,
499 1627 679 1703 sermonis,
701 1627 918 1694 humanitatis
932 1623 1033 1694 tuae?
1056 1631 1181 1712 quibus
1262 1709 1267 1720 .

149 1735 254 1820 rebus
281 1727 439 1798 interesse
471 1735 610 1794 memini
634 1727 847 1818 Trebatium.
891 1727 965 1816 Nec
999 1751 1080 1796 vero
1107 1728 1203 1796 sum‘

149 1834 277 1899 oblitus
298 1832 473 1896 literarum
495 1844 650 1907 tuarum,
672 1853 754 1916 quas
775 1832 817 1900 ad
839 1852 893 1896 me
914 1829 1044 1918 misisti,
1074 1817 1179 1917 quum

46 1930 53 1942 '
150 1931 282 2001 Caesari
295 1936 435 2000 obviam
456 1931 595 1998 venisses
620 1939 657 1997 in
674 1955 773 2022 egro,
798 1945 835 2000 ut
856 1936 1020 2008 arbitror,
1043 1930 1179 1999 Trebu-

51 2079 55 2088 -
147 2033 238 2100 lano.
283 2032 1000 2121 Secutumilsudtempusest,quum'me
1024 2035 1066 2098 ad
1082 2032 1178 2102 Pom·

147 2141 263 2224 peium
279 2132 457 2218 proficisci,
478 2135 540 2200 sive
556 2133 666 2221 pudor
680 2153 775 2199 meus
791 2141 915 2220 coegit,
933 2133 999 2200 sive
1014 2131 1178 2208 officium,

147 2233 212 2302 save
229 2235 375 2300 fortuna.
418 2235 520 2326 Quod
539 2231 689 2298 officium
712 2247 828 2307 tuum,
848 2233 1107 2318 quodstudium
1122 2236 1177 2300 vei
1283 2285 1292 2296 .

146 2343 182 2402 in
200 2335 368 2402 absentem
384 2343 456 2412 ine,
477 2334 529 2402 vel
545 2341 578 2400 in
595 2332 786 2422 praesentes
804 2356 900 2403 meos
917 2334 1052 2404 defuit?
1075 2357 1178 2426 quem

146 2455 251 2526 porro
267 2449 387 2504 omnes
405 2443 469 2502 mei
490 2433 623 2500 etmihi
643 2447 676 2499 et
698 2433 754 2499 sibi
778 2447 813 2498 te
820 2441 1035 2502 amiciorem
1051 2435 1175 2503 iudica·
1271 2473 1276 2494 .

67 2531 75 2540 ⁵
148 2535 295 2606 verunt?
320 2539 406 2603 Veni
422 2533 644 2608 Brundisium.
690 2535 893 2618 Obsitumne
906 2561 959 2605 me
975 2553 1097 2628 putas,
1111 2561 1177 2624 qua

148 2641 336 2728 celeritate,
357 2651 394 2704 ut
412 2644 560 2728 primum
584 2623 762 2712 audieris,
760 2641 809 2702 ad
835 2662 888 2706 me
898 2627 1059 2719 Tarento
1075 2645 1194 2711 adio„
1262 2713 1287 2735 Ι,

147 2741 253 2808 laris?
278 2761 362 2825 quae
380 2753 438 2804 tua
452 2741 556 2805 suerit
569 2735 632 2802 as
636 2733 710 2812 ffio,
730 2745 859 2819 oratio,
879 2733 1094 2812 confirmatio
1110 2751 1179 2812 ant
1206 2821 1208 2828 ¹
1242 2797 1247 2812 .

147 2849 196 2908 mi
218 2847 302 2916 mei,
331 2843 430 2906 fracti
451 2843 683 2906 communium
704 2842 907 2908 miseriarum
931 2843 1048 2912 metu?
1084 2845 1193 2913 Tan··

146 2945 228 3023 dem
245 2944 422 3027 aliquando
436 2941 563 3006 Romae
576 2939 642 3004 esse
655 2947 841 3028 coepimus.
885 2944 975 3033 Quid
993 2947 1101 3026 defuit
1119 2973 1179 3014 no·

148 3045 234 3110 strae
257 3039 495 3110 familiaritati?
524 3043 561 3106 ln
587 3047 741 3106 maximis
763 3045 866 3110 rebus
904 3049 1177 3131 quonammodo

148 3169 205 3213 me
222 3168 377 3234 gererem
392 3141 548 3210 adversus
565 3141 754 3215 Caesarem,
774 3143 850 3208 usus
870 3155 928 3213 tuo
944 3137 1080 3228 consilio
1096 3149 1177 3230 sum.
1207 3161 1214 3172 ¹

150 3250 192 3324 tn
213 3253 350 3331 reliquis
367 3246 510 3318 officiis,
535 3249 589 3308 cui
611 3256 650 3314 tu
665 3237 835 3318 tribuisti,
858 3261 1002 3338 excepto
1018 3247 1179 3323 Caesare,
1205 3293 1216 3312 ,
1289 3301 1293 3310 .

149 3363 286 3440 praeter
306 3371 378 3424 me,
406 3359 444 3412 ut
467 3346 606 3410 domum
629 3347 832 3416 ventitares,
861 3342 1033 3432 horasque
1055 3350 1179 3436 multas

529 3493 795 3520 ···········-··n·-

149 3609 225 3654 cero
254 3591 286 3650 in
302 3587 389 3650 curie
423 3598 456 3646 et
477 3581 551 3644 soto
573 3603 639 3645 ver·
738 3561 1107 3661 nostraefamt'sr'aritatr'?
1143 3581 1180 3649 In

151 3673 247 3739 [gnte
298 3694 304 3700 ·
373 3711 381 3737 ,
695 3673 837 3730 maximis
871 3669 975 3754 rebus]
1033 3673 1085 3734 sic
1113 3696 1180 3735 tne-

165 3779 226 3817 m
243 3751 456 3836 Formianum]
479 3774 539 3836 qua
553 3753 592 3816 de
603 3774 639 3816 ra
694 3753 752 3814 lius
784 3759 971 3836 interpunxit
995 3757 1179 3830 Lambinus,
1200 3775 1206 3790 ·

151 3839 268 3925 scripsit
301 3841 340 3901 ad
360 3843 496 3900 Atticum
514 3839 567 3902 lv
591 3861 638 3902 ιι.
695 3859 792 3918 quam
832 3855 867 3900 ut
906 3857 1013 3905 antea:
1053 3848 1180 3921 nostrae

155 3929 204 4011 (b.
210 3867 276 3988 ped.
295 3925 391 4004 552.)
685 3913 900 3992 familiaritati
917 3925 947 3984 t'n
970 3931 1111 4022 mammis
1132 3955 1179 3994 re

199 3995 273 4072 Veni
308 4005 516 4091 Brundisium]
569 4004 640 4092 post
693 4007 768 4068 bas?

151 4117 292 4186 pugnam
306 4091 526 4160 Pitarsalicanr.
