2652 4610
321 269 602 427 ElISTOLA
642 327 878 400 DXXXIX.
1055 271 1117 422 ἱ109
1170 429 1172 441 1

83 525 144 602 ris;
184 524 220 584 in
247 515 302 584 his
326 517 368 582 de
390 517 576 592 Cicerone,
610 525 706 586 ouius
731 503 865 604 quidem
894 523 1110 608 cogitationis

82 626 211 686 initium
227 633 266 684 tu
282 618 365 684 mibi
381 617 527 684 attulisti.
570 618 722 692 Locutus
747 619 817 686 sum
832 641 909 684 oum
928 639 969 684 eo
990 619 1112 685 libere·

84 719 214 795 liffime,
238 720 331 804 quod
354 741 397 782 ex
420 716 508 804 ipso,
533 719 651 794 velim,
685 719 832 786 simodo
855 725 916 786 tibi
938 725 1002 812 erit
1022 743 1112 788 com·

84 823 238 897 modum,
261 819 434 885 scilcitere.
477 817 549 886 Sed
567 823 646 906 quid
660 820 807 896 differo?
828 820 993 909 Exposui,
1016 835 1051 888 te
1067 845 1111 890 ex

86 945 135 988 me
155 919 326 998 detulisse,
345 922 466 1004 ecquid
488 927 696 1005 requireret3
720 923 805 988 velle
827 921 1037 1010 Hispaniam,
1061 947 1111 990 re·

84 1033 216 1110 quirere
235 1022 484 1100 liberalitatem.
528 1021 583 1086 De
599 1021 816 1098 liberalitate,
837 1025 926 1096 dixi,
948 1037 1111 1108 quantum

84 1125 263 1198 Publilius,
287 1137 449 1206 quantum
471 1121 591 1188 flamen
608 1123 773 1190 Lentulus
801 1123 881 1190 filio.
925 1123 977 1190 De
997 1123 1112 1215 Hispe-

13 1291 15 1322 ἱ
81 1233 150 1303 nia,
179 1227 252 1292 duo
277 1223 389 1290 attuli:
419 1223 569 1288 Primum
587 1231 686 1300 item,
710 1227 802 1310 quoti
819 1227 902 1302 tibi,
930 1235 1112 1301 moveretl
1166 1244 1169 1269 ·
1223 1271 1227 1288 .

13 1337 15 1362 '
82 1335 383 1422 vituperationum¹
405 1347 473 1390 non
493 1321 574 1400 ¹latis
593 1323 657 1389 else
679 1323 699 1388 fi
725 1325 805 1392 liaeo
826 1331 916 1392 arma'
934 1327 1112 1412 reliquisse·
1135 1389 1141 1418 ¹

82 1429 177 1496 mus?
221 1435 322 1493 etiam
343 1423 537 1492 contraria?
571 1426 706 1492 Deinde
728 1429 822 1502 fore,
852 1443 889 1493 ut
913 1445 1113 1517 angeretur,

82 1553 183 1616 quum
209 1551 229 1596 a
250 1530 356 1594 fratte
381 1527 605 1614 familietitate
621 1543 655 1590 et
671 1535 763 1596 omni
783 1533 888 1616 gratia
905 1537 1111 1596 vinceretur.

81 1633 190 1698 Velim
206 1638 315 1719 tnagis
339 1626 538 1692 liberalitate
559 1634 609 1692 nti
631 1648 722 1702 mea,
744 1651 842 1712 quatu
862 1631 915 1698 suu
936 1633 1113 1709 libertate,

80 1733 129 1798 led
146 1746 265 1800 tamen
279 1729 422 1819 perm'ili.
468 1727 552 1794 Tibi
566 1733 657 1792 enim
676 1727 910 1798 intellexeram
927 1753 995 1800 uon
1010 1742 1112 1802 nimis

79 1835 275 1922 displicere.
317 1816 391 1918 Ego
407 1835 508 1896 etiam
525 1843 625 1912 atque
643 1836 742 1894 etiam
761 1839 936 1920 cogitabo,
961 1849 1060 1921 atque
1074 1851 1111 1904 ut

80 1937 166 2000 idem
190 1937 316 2001 facias.
337 1951 432 2014 rogo.
475 1931 601 2018 Magoa
622 1951 677 1994 res
695 1943 729 1996 et
751 1930 890 2020 iimplex
908 1936 972 2012 est,
1003 1961 1113 2004 mane·

82 2058 132 2119 re3
151 2035 241 2101 illud
266 2052 399 2121 anceps.
427 2029 556 2096 Verum
573 2033 774 2100 uidebimus.
818 2030 994 2104 De'Balbo
1020 2051 1055 2104 et
1076 2044 1113 2105 in
1193 2095 1197 2102 .

462 2251 732 2272 *ab*

114 2379 377 2489 Episex'xxix.
399 2365 565 2484 aspasii-l·
623 2399 917 2470 servotitGrteviot.
960 2405 1113 2476 Putoell‘e

79 2491 315 2574 liberalitatem]
357 2493 500 2574 erpoini,
535 2507 567 2552 ts
623 2493 775 2554 Publiliee
795 2496 928 2558 Patrem.
994 2499 1045 2558 Sic
1080 2513 1114 2561 et

79 2579 286 2640 demandato
301 2599 373 2638 mco
385 2584 413 2638 ei
427 2573 568 2640 detulilla
625 2577 690 2638 eliis
714 2577 803 2640 huius
824 2579 894 2640 libri
910 2577 1046 2660 epistolii
1061 2593 1114 2662 24.

80 2665 191 2744 ecquid
221 2663 335 2730 vellet,
379 2663 493 2743 ecquid
519 2683 568 2721 re·
625 2673 675 2734 ²8·
697 2661 840 2742 (nostroe
862 2665 910 2729 ed.
926 2667 998 2744 546.
1014 2673 1112 2748 549.)

79 2755 235 2828 quireret,
266 2747 364 2806 ¹velle
406 2743 567 2826 (liabendit
606 2747 704 2807 'Rem
740 2769 841 2828 paone
873 2747 998 2810 conficit
1025 2751 1114 2814 locut

79 2833 232 2910 Quintum
249 2827 568 2910 filiumhnecrelpon·
626 2851 676 2910 ep.
699 2846 749 2906 3¹.
783 2831 835 2911 (h.
857 2835 907 2894 ed.
931 2837 1026 2912 555.)
1058 2837 1114 2898 ubi

79 2911 164 2994 dille)
184 2913 385 2995 Hispaniam,
408 2921 569 2998 requirere
626 2917 758 2978 Publilio
780 2915 823 2978 est
844 2934 876 2978 et
891 2919 1040 2981 Publilius
1057 2941 1115 3004 pt·

79 2999 317 3074 liberalitatem
369 3007 390 3062 i.
423 3021 450 3060 e.
490 3001 570 3061 velle
626 3015 684 3070 ter,
701 3001 754 3060 ubi
768 3007 884 3080 paritor
899 3006 932 3062 in
947 3003 1032 3066 libris
1048 2999 1137 3068 lcte'

81 3083 247 3148 Caesarem
269 3089 300 3144 in
320 3083 498 3166 Hispaniam
525 3083 570 3145 le·
626 3081 670 3146 cli
678 3081 781 3144 Publia
798 3083 965 3156 etPublius.
985 3084 1114 3167 Ernesti.

80 3175 140 3250 qni-
161 3185 280 3231 contra
301 3167 443 3252 Pompeii
471 3168 569 3231 filios:
666 3191 752 3252 quum
772 3194 791 3229 a
805 3169 932 3254 fratre]
959 3176 1114 3253 patrueli,

81 3260 262 3336 rqmrere,
314 3269 349 3312 nt
376 3275 438 3339 ego
475 3273 569 3335 pecu·
627 3255 737 3336 Quinti
755 3255 913 3320 Ciceronis
935 3255 1009 3320 lilio.

80 3345 157 3398 niam
186 3337 352 3399 liberalius
373 3345 401 3400 ei
426 3338 570 3420 suppedi·
671 3341 752 3400 omni
783 3347 886 3418 gratia
920 3337 1115 3428 ¹tribueretur]

83 3439 187 3484 terem.
236 3417 358 3492 Manat.
418 3421 570 3485 Ernestint
628 3427 714 3504 apud
731 3427 892 3488 Caesarem
912 3442 942 3486 et
959 3428 1117 3490 Caesaria-

82 3504 350 3584 oeliellispaniam
371 3504 412 3568 lic
431 3512 570 3588 accepit,
627 3529 698 3570 not.
739 3511 819 3572 Nom
838 3513 878 3592 Q.
899 3512 1011 3594 Cicero
1035 3513 1117 3576 filius

83 3591 164 3672 quoii
185 3595 224 3652 id
252 3593 362 3652 Cicero
386 3591 464 3653 filius
489 3595 571 3673 petri
629 3593 746 3654 dudum
765 3595 1117 3677 proprcrllirtiumernt
1224 3635 1227 3658 t

81 3677 291 3758 responderit.
320 3675 513 3739 Constructio
528 3693 572 3737 to·
628 3675 790 3762 gratiosus.

82 3781 150 3822 men
178 3760 372 3834 verborum,
394 3761 416 3822 li
436 3763 570 3824 Munatii
670 3785 782 3842 magna
802 3783 848 3824 res
868 3775 897 3823 et
914 3765 1046 3840 fi'mplex
1075 3771 1117 3846 esi

82 3843 267 3908 sententiam
290 3845 438 3924 l'eqottir,
469 3851 569 3908 minus
599 3883 600 3890 .
626 3849 768 3932 moriere]
798 3851 958 3912 Manutius
986 3849 1049 3912 boc
1072 3859 1116 3914 ita

80 3934 218 3992 intricata
246 3925 304 3988 eti.
624 3932 722 3992 intelli
747 3939 786 3994 it:
809 3953 920 4016 magna
937 3933 1046 3998 retest
1068 3941 1117 3998 ire

119 4009 294 4094 Publilius]
317 4009 481 4085 SicBofiut
505 4013 570 4074 edl-
626 4016 660 4074 ln
684 3955 879 4098 Hilptnitm,
920 4035 950 4080 et
981 4021 1116 4097 st'mplm

82 4097 122 4160 tlit
139 4119 201 4182 pro
226 4097 318 4180 vulg.
335 4091 463 4173 Publius,
479 4097 570 4182 quod
625 4095 701 4190 hac,
713 4099 780 4166 vfine
797 4101 958 4184 periculo,
977 4125 1119 4172 mutto.
