2726 4610
134 877 378 1008 ennoean
400 894 708 984 occuxxuux.
735 892 806 990 <aa
823 894 911 1021 pu.
932 867 1013 972 xu'.
1033 897 1116 994 η...)

205 1053 207 1056 ·
238 1035 304 1098 θα.
317 1033 443 1096 Romae
463 1039 592 1097 meante
607 1033 752 1097 lanuarlo
773 1033 811 1096 Α.
824 1027 864 1094 U.
881 1031 917 1096 G.
942 1051 1014 1116 7¹⁰·

288 1151 296 1163 “
319 1147 360 1235 0.
382 1147 486 1214 Vibio
500 1143 619 1223 Pansa,
643 1145 690 1216 A·
708 1145 824 1214 Hirtio
840 1143 930 1215 coti.

114 1265 157 1329 Ut
172 1273 254 1330 omni
270 1272 388 1330 euroin
401 1290 464 1331 rem
483 1271 563 1346 publ.
581 1271 727 1330 incumbat
744 1273 883 1330 bortatur
899 1289 926 1332 r.
970 1262 1022 1348 De
1033 1271 1145 1350 legatie
1241 1273 1246 1282 ”

145 1371 252 1452 scribit
266 1376 308 1431 ud
319 1371 481 1432 Antonium
500 1369 594 1452 mr’ffu
611 1393 641 1435 a·
685 1369 843 1456 Pinarium
856 1375 1044 1432 commendat
1054 1385 1087 1450 3.
1115 1412 1117 1422 ·

238 1534 291 1602 Μ.
313 1531 360 1602 Τ.
381 1533 424 1603 C·
461 1535 499 1606 S.
520 1534 557 1603 P.
582 1533 629 1603 D.
666 1529 1014 1606 CORNIFICIO.

111 1647 117 1660 ⁸
217 1651 290 1739 Ego
309 1652 438 1720 nullum
461 1653 575 1722 locum
597 1661 834 1744 praetermitto
857 1667 942 1740 (nec
966 1661 1056 1722 enini
1086 1659 1144 1723 de·

107 1749 196 1836 beo)
215 1775 284 1818 non
299 1756 403 1821 modo
418 1759 562 1824 ornandi
580 1763 650 1832 tui,
678 1756 730 1823 led
747 1777 790 1822 ne
810 1756 971 1822 laudandi
994 1761 1142 1843 quidem.

107 1849 185 1918 Sed
201 1875 276 1920 mea
291 1854 399 1924 studia
415 1880 496 1948 erga
511 1873 545 1926 te
565 1873 600 1926 et
621 1850 732 1926 officia
754 1855 843 1922 malo
861 1859 925 1924 tibi
946 1873 1145 1928 extiturum

107 1939 244 2030 luetis,
273 1977 372 2042 quam
390 1982 433 2026 ex
451 1968 555 2038 meis,
583 1959 647 2029 else
669 1974 762 2026 notu.
809 1957 863 2024 Te
877 1967 995 2025 tamen'
1007 1960 1145 2039 hortor,
1170 2041 1180 2057 ,

108 2063 153 2118 ut
177 2059 272 2120 omni
292 2079 374 2124 cura
397 2067 432 2127 in
455 2083 529 2128 rem
553 2062 723 2149 publicam
746 2061 938 2128 incumbas.
996 2059 1073 2126 Hoc
1096 2059 1145 2128 est

110 2159 231 2232 animi,
254 2157 323 2224 hoc
340 2161 386 2227 est
400 2168 524 2250 ingenii
541 2169 603 2238 tui,
621 2165 688 2229 hoo
704 2165 777 2226 eiua
788 2158 883 2246 ,spei'
898 2181 999 2246 quarn
1016 2162 1146 2232 babere

109 2254 243 2334 debes,
270 2261 526 2351 amplificandae
543 2265 717 2352 dignitatis
735 2275 824 2327 tuae.

219 2361 292 2429 Sed
307 2361 372 2430 hac
387 2365 430 2430 de
445 2385 481 2454 re
496 2367 575 2432 alias
591 2365 631 2430 ad
647 2377 681 2430 te
695 2364 862 2456 pluribus.
914 2361 1031 2450 Quum
1053 2373 1176 2432 enimn
1221 2403 1229 2418 ι

110 2459 200 2526 haec
216 2459 420 2542 scribebam,
441 2473 477 2534 in
500 2463 751 2554 exspectatione
773 2475 869 2530 erant
890 2471 1012 2530 omnia.
1055 2465 1149 2534 Non·
1249 2503 1250 2508 κ

111 2563 199 2638 dum
213 2562 316 2652 legati
330 2569 522 2643 redierant,
547 2587 633 2650 quos
650 2557 780 2634 senatus
796 2589 866 2632 non
893 2569 935 2630 ab
957 2585 1076 2654 pacem
1091 2575 1148 2635 ‹te-
1178 2639 1180 2646 ,

108 2668 342 2754 precandam,
365 2669 425 2736 led·
435 2671 479 2734 ad
494 2666 762 2734 denuntiandum
777 2667 901 2734 bellum
915 2666 1064 2744 miserat,
1086 2671 1148 2737 nili

107 2768 311 2856 legatorum
333 2775 454 2836 nuntio
476 2769 648 2860 paruisset.
693 2769 767 2860 Ego
792 2783 923 2845 tamen,
948 2757 1149 2858 utprimum
1195 2795 1198 2805 ·

99 2874 250 2954 ,occano
264 2874 342 2937 data
358 2870 426 2946 est,
448 2891 525 2937 meo
539 2869 680 2960 pristino
698 2891 794 2938 more
810 2889 881 2936 rem
904 2869 1073 2955 publicam
1093 2873 1150 2938 de·

109 2971 232 3056 sendi3
258 2995 314 3039 me
326 2977 513 3061 principem
535 2970 663 3040 senatui
687 2972 880 3062 populoque
897 2963 1053 3036 Romano
1072 2993 1151 3056 pro-

109 3071 220 3141 fessus
237 3071 325 3158 sum3
358 3093 421 3138 neo
438 3071 654 3160 posteaquam
671 3072 796 3162 suscepi
819 3069 946 3138 caulam
968 3069 1152 3148 libertatis,

110 3179 301 3243 minimum
322 3187 456 3260 tempus
485 3173 574 3242 amisi
603 3175 750 3242 tuendae
773 3173 887 3240 salutis
914 3171 1151 3256 libertatisque

111 3280 325 3346 communie·
369 3275 443 3344 Sed
458 3273 541 3343 baec
558 3297 693 3365 quoque
706 3289 743 3344 te
758 3297 802 3342 ex
825 3273 898 3342 aliie
920 3273 1021 3342 malo.

499 3433 771 3460 -ι-ι-ι-ιιιμ-

163 3513 260 3600 Epist.
278 3515 539 3582 ccclxxxix
563 3521 610 3579 ον’·
666 3537 795 3582 cerum
807 3513 1001 3580 inhonorem
1011 3517 1088 3593 elur,
1102 3515 1152 3580 ld·

115 3603 218 3665 madi
232 3621 270 3650 -'-
285 3601 443 3688 laudando]
482 3601 611 3668 obsecu·
666 3602 816 3688 que'pluu
833 3621 927 3686 quem
950 3605 1085 3663 laudum.

112 3707 175 3752 tue
190 3685 256 3749 sum
271 3687 448 3762 Gronouo,
472 3693 528 3773 qui
543 3707 611 3750 ver-
708 3691 838 3748 nondum
861 3691 957 3766 legati
978 3683 1153 3776 nutarent]

112 3769 611 3854 bemauamponendnemtum
666 3769 753 3844 mtffi.
770 3789 1154 3856 quamquamrepugnen·
1183 3785 1190 3816 ¹

112 3875 224 3940 quum
251 3857 344 3944 vulgo
366 3857 506 3944 legatur,
551 3879 610 3918 non
665 3867 699 3918 te
710 3857 863 3920 Cicerone
872 3857 1103 3927 adAutonlum,
1117 3871 1153 3918 ut

116 3943 218 4000 modo
247 3945 391 4004 laudandi
411 3945 466 4016 rui,
495 3941 611 4021 [εἴη
665 3941 808 4032 Mutinae
825 3939 1019 4004 obsidionem
1029 3947 1154 4005 omitte·

115 4029 255 4087 ornandi
275 4032 406 4110 quideme.
454 4029 539 4091 'Natu
561 4051 609 4089 en·
663 4041 724 4092 tei·
752 4025 888 4110 Philipp.
904 4027 945 4106 VJ

106 4129 202 4184 nare
215 4109 259 4174 est
271 4129 332 4195 per
344 4113 404 4180 SC.
419 4113 539 4200 aliquid
553 4113 611 4178 de·
