2724 4614
614 275 618 305 l

193 355 196 362 ’
286 329 310 468 J
356 384 639 460 ems‘roon
680 386 916 475 ooootx.
948 462 993 484 ,¹
1074 333 1153 489 '¹42

85 637 92 658 ,
115 581 273 646 hortibus
287 591 379 652 octo,
401 583 530 664 impetu
547 580 656 655 primo
671 575 847 666 fugaverat
859 555 1028 669 legion'em
1038 597 1154 652 xxxv

112 681 281 768 Antonii,
317 694 357 745 ut
381 681 524 769 amplius
558 675 666 764 passus
690 683 896 766 quingentos
920 681 1005 748 ultra
1026 681 1155 768 eciem,

115 805 184 872 quo
207 782 285 852 loco
309 775 476 856 steterat,'
491 777 700 878 processerit.
729 779 867 863 ,ltaque
890 802 993 865 quum
1017 791 1151 870 equites

112 884 269 980 nostrum¹
293 897 400 949 cornu
426 885 571 948 circuire
595 879 738 964 vellent,
778 885 930 966 recipere
959 884 1014 948 me
1033 899 1151 976 coepi,

115 999 149 1052 et
171 985 280 1051 levem
305 995 506 1048 armaturam
534 982 708 1068 oppo'nere
730 979 929 1047 Maurorum
963 989 1150 1068 equitibus,
1173 973 1177 986 ¹

113 1093 158 1172 ne
174 1085 310 1176 aversos¹
331 1083 464 1149 nostros
489 1084 767 1172 aggrederentur.
811 1083 951 1150 Interim
972 1088 1074 1162 video
1094 1114 1150 1156 me

116 1188 181 1254 esse
205 1194 296 1250 inter
311 1185 527 1250 Antonianos
538 1227 561 1259 ,¹
572 1183 839 1270 Antoniumque¹
850 1183 925 1272 post
941 1207 995 1250 me
1015 1186 1078 1252 esse
1093 1189 1150 1256 ali.

114 1299 252 1374 quanto.
286 1283 442 1374 Repente
461 1307 582 1369 equom
597 1283 716 1349 immisi
734 1287 772 1350 ad
791 1307 863 1352 eam
881 1287 1052 1373 legionem
1071 1295 1150 1356 tiro-

112 1411 213 1464 num,
238 1407 321 1472 quae
336 1389 492 1452 veniebat
517 1407 560 1451 ex
583 1383 720 1460 castris,
744 1385 837 1453 scuto
857 1397 997 1454 reiecto.
1039 1390 1149 1458 Anto·

113 1498 203 1558 niani
213 1513 274 1556 me
287 1486 430 1572 insequi;
451 1484 556 1552 nostri
571 1488 638 1578 pila
651 1492 821 1555 coniicere
837 1489 934 1556 veile·
969 1493 1019 1556 lta
1033 1492 1148 1561 nescio

113 1615 179 1680 quo
199 1594 270 1659 lato
293 1593 363 1654 sum
390 1587 563 1662 seruatus,
582 1591 673 1673 quod
697 1587 764 1653 lum
780 1594 848 1654 cito
862 1612 880 1654 a
896 1581 1016 1657 n'ostris
1033 1593 1150 1679 cogni·

110 1708 181 1760 tus
223 1695 263 1759 ln
283 1691 350 1778 ipsa
373 1687 545 1762 Aemilia,
572 1695 628 1756 ubi
652 1687 777 1754 cohors
802 1691 952 1774 Caesaris
974 1702 1149 1778 praetoria

58 1811 64 1820 '
112 1813 205 1871 erat,
231 1795 288 1859 diu
304 1803 489 1880 pugnatum
511 1791 566 1858 eit.
610 1791 731 1858 Cornu
748 1789 947 1867 sinisterius,
969 1795 1148 1876 quoderat

111 1895 298 1968 infirmius,
322 1895 377 1959 ubi
403 1893 546 1958 Martiae
566 1893 710 1982 legionis
732 1893 823 1956 duae
843 1890 1004 1960 cohortes
1029 1909 1149 1974 erant,

84 2039 87 2046 ·
113 2012 149 2064 et
171 1995 297 2064 cohors
320 2001 509 2084 praetoria,
531 1997 654 2082 pedem
676 1993 804 2059 referre
828 2007 1034 2081 coeperunt,
1053 1999 1146 2080 quod

111 2101 154 2166 ab
170 2105 320 2182 equitatu
342 2097 589 2170 circuibantur,
611 2116 678 2180 quo
696 2093 749 2158 vel
772 2091 955 2178 plurimum
973 2095 1059 2160 ualet
1074 2095 1147 2182 An·

109 2205 251 2268 tonius?
282 2180 396 2283 Quum
425 2217 546 2262 omnes
573 2194 606 2261 le
632 2191 834 2280 recepissent
861 2195 966 2259 nostri
989 2193 1146 2278 ordines,

107 2303 262 2390 recipere
290 2321 344 2364 me
374 2295 567 2374 novissimus
600 2299 695 2382 toepi
726 2293 768 2356 ad
791 2292 908 2358 castra.
952 2293 1145 2379 Antonius,
1213 2323 1216 2336 ·

110 2417 283 2486 tamquam
299 2405 428 2473 victor,
455 2401 559 2464 castra
581 2399 711 2485 putavit
734 2394 765 2460 se
782 2393 872 2479 posse
888 2415 1019 2480 capere.
1064 2398 1144 2484 Quo

109 2525 215 2590 quum
232 2503 341 2574 venit,
363 2499 556 2586 complures
571 2504 619 2566 ibi
634 2496 756 2570 amisit,
778 2517 839 2558 nec
862 2501 931 2584 egit
948 2497 1141 2581 quidquem,
1234 2567 1238 2574 ,

10 2689 11 2694 ¹
109 2603 242 2672 Audite
265 2623 321 2674 re,
354 2599 485 2664 Hirtius
511 2623 588 2665 cunr
611 2597 809 2665 cohortibus
834 2601 956 2684 viginti
975 2608 1144 2670 veteranis

109 2705 268 2770 redeunti
276 2699 431 2766 Antonio
447 2707 482 2765 in
498 2701 550 2768 sua
566 2701 670 2766 castra
686 2703 852 2773 occurrit,
878 2707 1056 2790 copiisque
1070 2707 1163 2804 eius·
1242 2751 1265 2798 ι,

109 2824 232 2876 omues
252 2801 394 2875 delevit,
420 2801 565 2890 fugavit,
588 2805 776 2888 eodemque
800 2801 897 2878 loco,
917 2806 1066 2868 obierat
1084 2829 1144 2894 pn-

108 2919 261 3000 gnatum,
279 2905 320 2968 ad
335 2903 456 2970 Forum
468 2903 659 2978 Gallorum,
679 2904 855 2970 Antonius
866 2925 943 2970 oum
959 2910 1143 2988 equitibus,

105 3009 194 3078 hora
215 3011 327 3073 noctis
349 3019 486 3089 quarta,
505 3005 535 3069 le
556 3003 712 3076 innostra
733 3004 786 3068 sua
801 3005 841 3067 ad
858 3003 1143 3094 Mutinamrece-

106 3119 172 3206 pit.
216 3109 348 3175 Hirtius
373 3115 407 3173 in
429 3131 468 3172 ea
487 3107 596 3172 castra
619 3107 739 3180 rediit,
762 3105 853 3169 unde
872 3103 973 3170 Pansa
996 3114 1144 3186 exierat,

12 3285 14 3292 ,
107 3217 169 3282 ubi
195 3213 277 3278 duas
301 3210 455 3298 legiones
480 3209 679 3292 reliqueret,
704 3226 786 3290 quae
806 3205 847 3270 ab
863 3204 1021 3272 Antonio
1045 3224 1145 3276 erant

106 3323 333 3402 oppugnatae.
378 3313 432 3376 Sic
462 3321 591 3397 partem
620 3305 784 3374 maiorem
810 3305 1144 3408 suarumgcopiarum

12 3455 13 3488 2
108 3417 285 3485 Antonius
301 3408 405 3474 amisit
421 3423 680 3492 veteranarum..
710 3407 782 3474 Nec
806 3407 841 3470 id
857 3419 972 3474 tamen
998 3409 1064 3476 stne
1086 3413 1143 3478 ali·

111 3538 178 3606 qua
200 3521 330 3582 iactura
351 3505 859 3599 cohortium'praetorienarum
876 3511 1084 3592 nostrarum,
1107 3528 1144 3585 et

489 3691 759 3714 m

152 3819 346 3913 quingentos]
359 3821 516 3882 Numeros
530 3817 597 3900 pas·
630 3813 740 3885 ‘sums
783 3832 819 3879 ut
846 3821 890 3882 ita
915 3837 1047 3904 pectore
1072 3845 1139 3894 non

14 3975 16 3980 ,
109 3914 198 3980 loom
221 3909 412 3975 desideratur
439 3910 470 3968 iu
492 3905 596 3966 multis
652 3906 774 3964 munito
794 3905 1002 3990 intelligerent
1022 3914 1140 3977 tirones

15 3997 18 4072 ζ
110 4001 208 4062 codd.
223 4001 396 4079 quingentos
417 3996 450 4051 in
471 3990 595 4052 duobus
652 4007 704 4046 me
724 3989 904 4052 emicantes
926 3991 1046 4074 suarum
1072 4019 1140 4076 par·

15 4073 17 4160 Ῐ
108 4081 181 4149 Mls.
211 4085 326 4146 invenit
347 4077 516 4138 Manutius.
653 4077 728 4134 tium
752 4069 831 4150 else,
871 4091 903 4138 et
923 4077 964 4138 eb
985 4075 1044 4142 illis
1064 4079 1139 4146 nihil
1253 4113 1255 4120 ,

15 4171 16 4178 ’
144 4169 230 4250 scat·
253 4161 384 4245 reiecto]
427 4165 461 4226 in
487 4157 597 4224 stome-
652 4155 727 4234 matt
735 4169 890 4238 metuere.
934 4159 1067 4232 Gronau.

965 4259 1039 4342 So⁴

842 4411 845 4427 ¹
876 4415 886 4459 Ι

904 4509 910 4518 .
