2746 4620
211 315 276 394 5⁵6
435 269 720 377 'sets‘roun
769 305 1002 374 oooeut.

132 503 166 517 ‘'
220 517 359 582 quarum
381 495 420 564 t'u
440 493 615 580 refuses,
648 490 746 557 fuiile
766 493 919 582 iudices,
946 513 1068 582 meque
1095 493 1137 558 ad
1162 488 1258 582 optiss
1342 536 1343 572 p

220 621 308 664 mam
324 601 414 687 lpem
427 600 554 684 patriae
570 597 827 658 non'minimum
841 595 900 659 tihi
917 593 973 682 ipi
989 593 1253 680 producendum

144 721 146 726 ’
222 713 335 787 putes.
380 699 471 766 Sunt
493 700 572 770 tibi,
611 695 660 768 M.
677 691 792 767 Tulli,
828 697 945 768 liberi,
980 701 1254 784 propinquique,

224 801 317 884 digni
339 799 474 892 quirlem
495 809 547 867 te,
572 807 605 858 et
629 799 749 860 merito
771 795 833 858 tibi
854 791 1017 861 carisiimi.
1062 796 1134 861 Elle
1148 803 1253 862 etiarn

227 903 353 964 debent
372 906 409 968 ia
430 895 615 985 republica
636 890 791 980 proxime
809 891 871 960 hos
886 901 974 969 cari,
994 901 1051 980 qui
1064 894 1263 962 studiorum.

227 1013 364 1066 tuorum
389 997 462 1082 lunt
486 999 626 1072 aemuli,
648 1018 793 1080 quorum
816 995 878 1061 else
899 1003 998 1086 cupio
1019 999 1081 1062 tibi
1105 1005 1254 1086 copiam.

227 1098 298 1170 Sed
322 1113 434 1166 temen
455 1122 524 1167 non
539 1103 682 1166 maxima
703 1118 756 1161 me
777 1099 876 1162 turba
897 1111 981 1186 puto
1002 1097 1152 1172 excludi,
1185 1121 1257 1183 quo

228 1205 340 1266 minus
363 1203 425 1267 tibi
440 1214 537 1270 vacet
556 1221 610 1264 me
631 1203 807 1284 excipere,
828 1211 862 1264 et
883 1199 924 1264 ad
946 1204 1076 1272 omnia,
1098 1221 1259 1283 quae-ve·

225 1301 272 1380 lis
307 1315 341 1368 et
368 1304 513 1390 probes,
557 1297 757 1386 producere.
819 1298 985 1364 Animum
1008 1301 1072 1366 tibi
1100 1301 1261 1367 nostrum*

231 1399 364 1470 fortasse
387 1405 618 1490 probabimus.
656 1399 837 1486 Ingenium
855 1399 982 1465 diutina
1002 1402 1162 1478 servitus,
1184 1425 1260 1469 cer·
1345 1417 1346 1452 ³

231 1518 285 1578 te,
306 1505 547 1588 qualecumque
568 1503 634 1577 eit,
658 1507 768 1598 minus
790 1512 922 1579 tamen,
942 1523 1039 1584 quam
1058 1517 1146 1577 erat,
1167 1503 1259 1592 passa

166 1591 172 1600 ’
230 1603 277 1672 est
293 1605 409 1672 videri.
452 1604 527 1670 Nos
548 1625 668 1684 ex,ora
689 1607 855 1690 maritima
876 1599 971 1666 Aliae
989 1611 1201 1688 prouinciae,
1221 1617 1258 1672 et

231 1725 275 1773 ex
290 1705 416 1782 insulis,
435 1727 516 1790 quas
530 1709 821 1796 potuimus‚naves
840 1698 1054 1770 deduximus.¹
1074 1705 1258 1774 Delectum
1346 1707 1347 1766 l

88 1867 93 1882 ,
231 1813 415 1894 remigum,
439 1827 560 1896 magna
581 1809 792 1898 contumaoitt
809 1811 1007 1890 ¹civitatum,
1041 1820 1153 1872 tamen
1176 1806 1255 1872 latis

102 1917 119 1929 ’
233 1906 389 1972 celeriter
405 1905 594 1975 habuimus·
636 1906 753 1972 Secuti
772 1904 1030 1971 sumusclaliem
1044 1907 1257 1994 Dolabellae,

234 2012 286 2077 cui
301 2007 449 2073 Lucilius
467 2019 634 2096 praeerat:
657 2011 714 2090 qui
728 2005 816 2092 spem
833 2007 926 2094 saepe
939 2013 1148 2074 transitionis
1165 2031 1259 2095 prae·
1347 2002 1348 2076 l

171 2189 173 2198 Ι
229 2109 365 2186 herulo,
400 2099 517 2196 ¹'nequo
545 2127 702 2194 umquam
732 2127 801 2172 non
831 2107 1039 2184 recedendo,
1083 2107 1256 2177 novillime
1298 2121 1302 2132 '
1347 2103 1348 2112 ’

108 2509 112 2516 .
236 2459 358 2544 publice
382 2457 512 2522 eterne
535 2451 667 2544 tyranno
685 2457 722 2518 li·
777 2460 890 2536 cipiet,
911 2470 943 2518 et
964 2457 1005 2518 ad
1024 2465 1149 2535 omnir,
1173 2481 1260 2544 oure
1348 2449 1349 2460 ¹

241 2547 389 2609 berenna.
777 2541 852 2604 veiis
874 2557 903 2601 et
931 2542 1064 2623 prober,
1090 2546 1260 2624 perduces,

187 2634 192 2644 ’
278 2633 499 2706 producendum
528 2627 642 2712 putes]
670 2628 722 2686 Er
779 2631 914 2688 animum
933 2647 1036 2688 meum
1055 2629 1112 2690 tibi
1135 2629 1263 2693 lortalle

170 2761 174 2772 .
238 2713 303 2800 ltoc
334 2716 409 2775 loco
442 2711 622 2810 intelligitur
641 2709 723 2773 lori·
779 2709 941 2792 prohabo;
966 2713 1007 2774 de
1029 2719 1156 2798 ingenio
1185 2715 1261 2780 uiltil

231 2793 364 2882 ⁸prolem
380 2797 468 2860 huiur
482 2796 630 2878 epiltolee
645 2797 724 2858 ado·
778 2815 972 2877 magnopere
987 2806 1151 2878 promitto,
1171 2801 1262 2882 qu'otl

239 2881 404 2946 laleeutem
438 2879 540 2957 ruite,
590 2899 724 2961 ermque
779 2879 883 2941 adhuc
907 2885 939 2942 itt
966 2881 1263 2958 dimerserunt·

239 2966 434 3050 probabilior
447 2967 481 3027 L.
490 2961 593 3027 ctffio
608 2967 642 3026 C.
653 2963 726 3027 Cal·
779 2963 929 3028 incultum
951 2970 1054 3032 iacuit.

240 3051 274 3114 lii
296 3075 333 3113 ex
356 3051 451 3114 fratre
469 3054 597 3132 nepoti,
629 3071 724 3134 quem
825 3045 976 3133 Lucilius]
997 3055 1157 3133 Appianas
1173 3051 1264 3116 eeu.

226 3135 297 3220 sipfi
318 3141 383 3198 eius
400 3137 487 3198 fratri
510 3133 643 3199 attribui.
711 3163 713 3168 ·
781 3135 818 3194 G·
833 3133 887 3197 tv.
908 3135 961 3197 60.
978 3139 1170 3216 praefectum
1191 3135 1265 3200 elal-

280 3223 341 3299 esse
373 3221 513 3303 copiam]
555 3213 728 3302 quna‘elle
781 3216 817 3282 fis
846 3217 1034 3282 Dolabellae
1061 3223 1097 3281 L.
1123 3221 1266 3304 Figulum

242 3293 358 3369 lttttltor
375 3311 481 3384 cupio.
532 3301 663 3370 Gronov.
782 3305 883 3366 vocat.
925 3303 1036 3386 ltaque
1051 3304 1081 3366 b.
1097 3301 1119 3364 l.
1141 3308 1189 3366 vel
1206 3302 1265 3365 la·

284 3385 726 3470 proauumqitmesumcum
782 3388 861 3457 eius,
884 3404 919 3448 ut
937 3391 1081 3471 Manutio
1103 3383 1265 3469 placebat,

99 3485 102 3490 “
171 3545 172 3550 1
244 3477 390 3538 Manutio
412 3489 444 3533 et
465 3475 600 3535 (irretio
620 3490 728 3532 corre·
781 3473 831 3548 vel
847 3469 881 3531 1..
898 3467 1019 3552 figulus
1040 3473 1210 3560 legendum
1221 3477 1268 3536 ei·

243 3553 728 3721 lllnlllolllvlzllselnplllllnplffl:
783 3558 1008 3724 ἀοξίξξᾱεηίο]
1030 3643 1080 3704 Sic
1098 3643 1267 3728 legendnm

195 3773 198 3786 .
244 3732 348 3792 terito.
392 3724 728 3809 Athociplumnege·
752 3775 757 3788 .
784 3723 845 3787 elle
882 3727 957 3788 vidis
978 3727 1173 3789 Gronovius
1204 3749 1268 3808 pro

124 3807 126 3812 ’
220 3833 321 3876 mut.
373 3809 483 3872 Senius
510 3815 591 3872 euim
614 3805 675 3874 este
704 3805 733 3870 Γι-
783 3809 865 3892 vulg.
882 3813 1066 3883 decedendo,
1086 3809 1272 3894 &lemque

242 3896 316 3960 mihi
330 3899 506 3981 contigerit,
519 3912 553 3957 ut
566 3915 628 3962 me,
638 3893 728 3974 quod
783 3897 951 3956 verborum
971 3903 1091 3975 optime
1113 3893 1154 3958 fic
1172 3918 1272 3978 expo·

208 3977 213 3988 ’
242 3986 376 4044 maxime
397 3986 509 4061 cupio,
546 4001 582 4040 er
609 3981 757 4062 lugenti.
784 3979 857 4042 init:
894 3983 947 4059 qui
971 3977 1131 4041 fimulabet
1158 3982 1271 4044 identi-

159 4078 165 4088 '
242 4067 335 4130 tnrbe
356 4065 514 4132 clientium
531 4071 660 4128 tuorum
677 4083 728 4126 ex·
786 4063 859 4128 dem
875 4060 941 4128 sela
961 4069 1024 4126 iam
1040 4065 1220 4130 dediturum
1236 4075 1275 4130 et
