2726 4610
211 323 274 388 262
451 311 748 385 'EPISTOLA
804 315 993 385 DCCC!-

214 511 311 574 ribus
332 509 480 596 petenda
499 505 741 571 existimarent.
783 496 996 570 Aiiret'endae
1017 509 1117 570 etiarn
1128 490 1243 576 'volus-

215 623 303 676 tates
320 609 550 697 reliquorpm,
571 611 629 692 qui
652 607 803 672 finitimis
821 609 1006 694 provinciis
1028 615 1245 678 exercitibus·

215 733 280 797 que
303 712 540 800 praefuerunt:
574 723 613 782 ut
630 715 745 798 potius
767 729 848 772 cum
874 705 1029 795 pluribus
1056 709 1244 778 societatem

118 823 121 833 ’
216 808 638 900 defendenduelibertetis
662 816 843 884 iniremus,
863 829 962 894 quern
985 815 1262 902 unni'pnneiori-⁴

201 904 280 980 'bus
317 912 484 979 funestum
513 914 597 978 urbi
633 923 801 978 terrarum
826 915 1002 978 victoriam
1032 923 1245 1002 partiremur.

135 1031 138 1042 ·
215 1013 397 1081 Muniendi
411 1037 491 1082 vero
508 1013 700 1103 nosmetipli
719 1013 867 1087 fuimus,
885 1027 987 1080 aucto
1002 1024 1173 1093 exercitu,
1191 1039 1247 1086 uu·

215 1118 361 1204 xilisque
378 1115 632 1206 multiplicetis:
657 1128 716 1189 ut,
736 1135 841 1198 quum
864 1119 1114 1201 praeferremus
1137 1119 1246 1186 lenius

216 1232 353 1308 aperte,
372 1223 582 1294 tumetium,
602 1221 719 1284 invitis
736 1215 959 1300 quibusdam,
981 1217 1076 1294 sciri,
1098 1223 1177 1306 quld
1194 1223 1248 1288 de·

215 1318 343 1388 sensuri
358 1320 519 1394 essemus,
541 1341 610 1385 non
624 1317 703 1384 ellet
718 1319 958 1406 periculosum.
1001 1321 1051 1386 lte
1066 1343 1248 1412 numquam

215 1417 414 1498 diffitebor,
435 1419 539 1488 mults
560 1443 635 1494 me,
656 1433 695 1485 ut
715 1421 756 1485 ud
777 1421 942 1488 eflectum
964 1420 1088 1488 horum
1102 1421 1249 1490 confilio-

216 1547 295 1592 rum
318 1535 549 1612 pervenirem,
569 1535 604 1588 et
624 1519 784 1590 fimulalle
803 1527 967 1598 invitum,
989 1537 1023 1588 et
1039 1505 1248 1594 dfflnulatse

216 1645 296 1690 cum
320 1625 457 1691 dolore:
487 1625 578 1710 quod
598 1637 809 1713 praemature
831 1625 1041 1692 denuntiatio
1063 1626 1143 1691 boni
1166 1633 1250 1696 civis

217 1731 392 1812 imparati,
413 1745 513 1810 quem
539 1724 724 1814 periculosa
746 1724 848 1801 ellet,
872 1747 915 1790 ex
939 1726 1013 1792 calu
1037 1725 1187 1816 collegae
1204 1735 1252 1796 vi·

217 1827 352 1892 debent.
395 1827 475 1914 Quo
504 1832 642 1893 nomine
670 1831 771 1892 etiam
793 1827 834 1892 C·
857 1824 982 1894 Furnio
1007 1827 1142 1915 legato,
1176 1836 1252 1897 viro

140 1997 143 2004 .
216 1929 302 1996 torn
324 1927 426 2015 atque
449 1925 604 2005 strenuo,
646 1929 742 2017 plura
764 1932 866 1994 etiam
890 1931 1018 2005 verbe,
1050 1953 1151 2014 quem
1173 1933 1252 2000 leri·

218 2043 339 2120 ptura,
355 2031 519 2105 ‘mundate
535 2031 707 2097 dedimuse
730 2043 768 2096 ut
790 2043 824 2094 et
845 2038 970 2108 tectius
988 2033 1106 2100 advos
1127 2037 1255 2122 perlen-

124 2109 136 2138 '
218 2143 361 2208 rentur,
382 2145 416 2198 et
438 2153 502 2198 nos
527 2133 668 2200 essemus
691 2137 852 2197 tutiores:
877 2135 1066 2219 quibusque
1087 2138 1193 2204 rebus
1210 2156 1257 2212 et

218 2255 437 2300 communem
460 2233 598 2300 salutem
622 2237 769 2308 muniri,
806 2245 841 2300 et
860 2253 924 2298 nos
947 2243 1069 2302 armari
1094 2250 1258 2309 conueni-

218 2349 292 2409 ret,
314 2343 562 2424 praecepimus.
605 2337 740 2418 Exque
761 2333 905 2420 intelligi
921 2337 1047 2422 potest,
1066 2361 1188 2407 curam
1201 2349 1256 2412 rei

218 2441 376 2526 publicae
406 2441 535 2507 luinnre
562 2436 799 2506 defendundae
835 2438 1037 2523 iampridem
1063 2445 1152 2530 apud
1188 2467 1258 2514 nos

957 2658 983 2698 u

260 2746 465 2830 Allieiendee]
494 2748 546 2810 Sie
565 2747 627 2808 Me.
648 2763 706 2807 no·
739 2743 813 2818 -le,
833 2741 1064 2821 dlffimulentun
1077 2771 1162 2814 vere.
1205 2755 1257 2816 Sl·

216 2831 277 2894 ller
300 2853 336 2893 ex
359 2837 574 2906 correctione,
595 2847 630 2892 ut
652 2830 706 2891 lie·
762 2827 907 2893 mulsbet.
923 2838 1016 2915 igitur
1035 2833 1168 2899 Plancus
1190 2845 1256 2902 Au·

218 2917 272 2978 bet
292 2920 343 2979 ed.
359 2921 449 2982 Med·
476 2933 509 2980 et
530 2916 612 2980 eliee
633 2933 706 2978 ente
762 2921 854 2977 touio
879 2915 909 2978 le
933 2927 1052 2992 iuvere:
1087 2919 1256 2986 dillimule-

149 3070 150 3078 χ
218 3005 403 3066 victorium.
445 3003 506 3065 Atti
535 3005 705 3066 eliciendae.
762 2993 817 3062 bet
836 2999 920 3062 suurn
943 3009 974 3064 in
997 3007 1171 3088 rempubl.
1190 3007 1255 3070 ssu-

192 3097 195 3104 '
218 3080 336 3149 verum
364 3101 470 3150 nutent
491 3088 613 3150 videtur
638 3091 707 3148 elli·
764 3085 859 3146 diunt.
896 3085 1126 3152 Dilliniulsuiue
1143 3111 1255 3156 eutem

219 3177 348 3235 ciendae.
391 3176 473 3234 Nem
485 3177 592 3232 elicere
606 3177 705 3232 velun·
762 3171 811 3232 vel
832 3170 969 3248 silentio,
1003 3175 1060 3234 niel
1088 3175 1254 3264 lamone,

218 3272 311 3318 retem
338 3259 382 3319 ell
412 3259 515 3320 lecese
539 3277 606 3320 erte
629 3279 705 3339 que·
763 3255 812 3318 vel
829 3277 864 3316 re
884 3257 958 3334 ipl.
1002 3255 1123 3324 Manui.

217 3345 301 3415 dem,
323 3339 704 3417 uthominesollendeut,
805 3344 954 3428 collegae]
996 3345 1037 3406 D.
1063 3347 1151 3411 Bruti
1187 3349 1256 3416 col.

217 3429 420 3512 quidvelint,
444 3449 510 3510 quo
532 3427 618 3490 lenl'u
637 3425 704 3490 fint.
762 3425 824 3487 eliel.
853 3449 946 3510 quem
971 3431 1125 3495 Antonin·
1151 3436 1257 3499 Muti·

217 3515 298 3574 Nem
328 3514 479 3586 elicimus,
522 3514 611 3594 quod
643 3515 703 3574 leni
760 3511 1165 3583 nneinnlulumobltdebet.
1178 3519 1257 3583 Ma-

216 3597 303 3660 inelt.
347 3599 441 3658 rivet
464 3611 496 3658 et
517 3597 577 3658 Gn.
593 3599 617 3660 1.
649 3601 705 3678 qui
761 3609 822 3658 nut.

217 3681 314 3745 ltebet
328 3685 512 3742 ellieiendae.
537 3681 588 3744 Est
600 3699 704 3744 temen
795 3685 911 3758 summe
924 3682 1150 3773 defendendae]
1168 3685 1258 3750 Sum.

217 3773 325 3830 elicere
351 3787 411 3850 pro
432 3767 575 3835 allicere,
610 3771 704 3828 etium
761 3789 808 3825 me
836 3769 922 3850 quod
947 3767 1064 3832 hebent
1090 3779 1256 3856 quaedum

216 3853 305 3915 uiti.
323 3853 370 3915 ιδ.
383 3855 526 3927 praemiis
538 3849 704 3912 Gaditanos
761 3851 833 3914 edd.
861 3873 908 3933 pt.
936 3869 970 3913 ut
991 3854 1084 3921 Rom.
1105 3859 1256 3925 Emessio

216 3941 339 4008 elicere,
360 3934 416 3998 nili
430 3953 463 3997 et
476 3938 518 3997 ibi
535 3937 704 4023 legendum
762 3953 893 3999 auctore
921 3941 1057 4017 praetuli
1086 3943 1178 4010 elteri
1206 3949 1260 4010 le·

216 4023 337 4079 allicere
358 4055 394 4068 «-
425 4015 551 4098 Ernesti.
761 4029 865 4087 ellone
877 4025 1021 4102 summae.

253 4103 417 4187 fimulaffe]
441 4106 631 4171 simulentur
647 4105 706 4172 tel·
