2652 4610
231 299 291 376 ψ
510 287 793 360 sarstono
846 279 965 360 nav.
1020 246 1027 258 ’

220 453 355 566 1ροῐιιίτ,
377 497 444 544 non
465 477 587 564 defuit.
627 477 730 562 Quod
753 502 855 563 quum
879 479 1043 570 speraret?
1064 491 1098 546 te
1120 501 1240 564 quoqne

225 585 273 646 lta
296 578 555 654 existimare,‘in
579 579 770 668 Hispaniam
792 579 910 656 adsste,
932 587 1080 648 maxime
1102 581 1157 648 ille
1180 595 1241 666 qul·

83 707 125 744 ¹.
226 686 303 750 dem
325 678 554 755 tuoconffln,
573 679 743 745 sedetiam
768 704 823 746 me
843 695 978 748 auctore
1001 681 1047 748 est
1065 681 1239 768 profectus.
1309 662 1310 698 ἢ

227 783 293 850 Cui
315 803 378 870 ego
402 783 731 847 commendationem
760 804 829 846 non
857 781 925 848 sum
950 783 1139 870 pollicitus,
1179 807 1240 850 nou

224 889 306 968 quin
323 905 396 946 eam
408 885 584 947 valituram
601 883 688 970 apud
706 895 740 946 te
755 885 951 949 arbitrarer:
972 883 1028 948 sed
1043 907 1150 971 neque
1166 883 1241 951 mihi

188 1027 191 1032 -
224 1006 325 1080 egere
341 983 635 1054 commendatione
649 989 844 1061 videbatur,
864 990 922 1070 qui
936 999 970 1050 et
982 992 1016 1050 in
1032 988 1120 1054 bello
1134 1001 1241 1052 tecum

222 1087 351 1161 suisset,
373 1103 407 1152 et
421 1099 562 1176 propter
577 1091 774 1152 memoriam
790 1075 893 1151 c'ratfi
911 1087 953 1152 de
968 1093 1035 1152 tuis
1053 1087 1240 1154 unusellet:
1310 1081 1311 1086 ’

223 1181 291 1258 etll
309 1195 358 1253 uti
375 1187 727 1253 commendationibus
743 1187 864 1261 vellet,
882 1193 985 1253 etiam
1002 1211 1063 1276 per
1077 1190 1158 1256 alios
1170 1213 1239 1255 eum

194 1288 374 1358 ''vldebam
405 1293 439 1356 id
459 1288 614 1371 consequi
642 1285 741 1375 posse.
785 1285 1031 1356 Testimonium
1058 1301 1126 1356 mei
1147 1291 1186 1356 de
1203 1311 1240 1354 eo

218 1393 357 1466 iudicii,
378 1391 471 1475 quod
486 1400 520 1452 et
534 1389 602 1476 ipse
616 1396 727 1478 magni
742 1389 952 1460 aestimabat,
974 1403 1009 1454 at
1024 1412 1088 1478 ego
1107 1395 1191 1477 apud
1207 1405 1239 1454 te

219 1495 331 1562 valere
354 1515 445 1557 eram
465 1503 647 1579 expertus,
672 1468 702 1558 el
722 1491 868 1556 libenter
884 1492 973 1556 dedi.
1016 1489 1166 1557 Doctum
1188 1497 1242 1579 igi-

217 1610 276 1661 tur
300 1595 475 1661 hominem
499 1599 667 1680 cognovi,
707 1605 741 1657 et
767 1591 883 1658 studiis
900 1599 1050 1682 ¹optimis
1077 1593 1240 1668 deditum,

216 1697 319 1780 idque
333 1719 350 1760 a
365 1715 479 1784 puero.
523 1693 609 1758 Nam
624 1694 718 1759 domi
734 1715 826 1758 meae
843 1717 919 1760 cum
938 1693 1092 1759 Diodoto
1107 1695 1238 1776 Stoico,

215 1795 374 1870 homine,
395 1817 470 1860 meo
492 1793 635 1867 iudicio,
655 1795 891 1868 eruditissimo,
924 1793 1068 1862 multum
1094 1815 1112 1858 a
1137 1819 1237 1885 puero

214 1899 289 1966 fuit.
333 1897 434 1962 Nunc
448 1879 740 1970 autenl,incensus
760 1895 868 1962 studio
885 1909 1165 1975 rerumtuarum,
1187 1919 1237 1966 eas

214 1999 324 2064 literis
347 2003 487 2065 Graecls
510 1997 669 2064 mandare
692 2003 796 2084 cupit.
840 1994 934 2062 Posse
958 1999 1122 2082 arbitror3
1159 1999 1239 2066 valet

213 2106 366 2192 ingeni03
383 2097 488 2165 habet
509 2097 621 2180 usum;
645 2104 711 2164 iam
733 2099 865 2186 pridem
888 2102 921 2164 in
939 2121 980 2164 eo
995 2120 1122 2189 genere
1145 2101 1238 2170 studii

210 2201 450 2287 literarumque
460 2202 625 2282 versatur;
642 2199 833 2266 latissacere
847 2201 1092 2266 immortalitati
1104 2201 1237 2278 laudum

210 2317 343 2369 tuarum
361 2302 560 2368 mirabiliter
580 2307 684 2388 cupit.
726 2297 842 2364 Habes
857 2304 1027 2388 opinionis
1042 2325 1138 2371 meae
1156 2303 1239 2371 testi
1313 2353 1314 2356 ,

210 2414 383 2480 monium,
407 2407 463 2472 sed
486 2421 524 2472 tu
543 2403 611 2470 hoc
633 2401 762 2469 facilius
783 2399 891 2465 multo
914 2423 977 2486 pro
1003 2416 1061 2468 tua
1082 2403 1239 2494 singulari

209 2503 391 2598 prudentia
418 2507 595 2573 iudicabis.
659 2505 703 2569 Et
723 2508 861 2575 tamen,
904 2503 996 2585 quod
1023 2525 1239 2592 negaveram,

171 2631 177 2645 ·
211 2609 415 2676 commendo
444 2613 506 2674 tibi
537 2630 623 2673 eum.
688 2603 861 2694 Quicquid
893 2609 923 2667 ci
954 2607 1237 2682 commodaveris,

209 2717 274 2778 crit
289 2711 324 2776 id
341 2717 505 2780 malorem
521 2715 556 2776 in
573 2705 712 2772 modum
724 2717 873 2793 gratum.
987 2762 994 2779 s

1149 3035 1161 3066 0

225 3108 443 3186 ‘tessimonium
457 3098 691 3186 mei-iudicis]
791 3096 934 3154 mandare
969 3096 1072 3180 cupit]
1130 3100 1181 3180 yn
1215 3119 1235 3162 0

203 3193 254 3255 Sic
273 3187 553 3254 ¹scribendum-elle
573 3192 690 3268 primus
747 3186 891 3242 mundare
909 3183 1056 3264 cupiebat,
1094 3121 1237 3244 Necess-

201 3279 280 3340 vidit
294 3279 484 3340 Gronovius.
526 3271 691 3354 quueEr·
746 3274 795 3328 rio
830 3285 935 3331 autem
971 3263 1021 3326 hic
1066 3263 1236 3351 legendum

201 3361 314 3424 aestiua
335 3367 367 3423 in
389 3363 438 3422 ed.
457 3351 549 3422 Rom'.
575 3371 607 3418 at
629 3357 690 3420 Ma.
747 3355 845 3432 cupit,
888 3349 978 3432 quad
1019 3348 1096 3412 vidit
1139 3353 1235 3416 Ema-

202 3449 307 3512 Guels.
321 3469 347 3508 ι.
361 3449 487 3526 reperit.
519 3443 624 3523 Vulgo
646 3450 694 3500 ter
741 3433 827 3524 eslius.

193 3535 368 3616 filtrensem
379 3553 477 3592 meum
486 3533 564 3592 deca
574 3526 687 3590 iudicii.
