2766 4610
176 367 179 372 ·
220 369 282 443 ψ
439 274 1077 420 eeisrbrsa'mccxurm

219 549 282 613 tibi
306 535 471 609 miseram.
514 537 650 604 Atticae
668 559 765 604 meae
779 539 879 605 velim
903 543 957 606 me
978 549 1024 608 ita
1039 541 1194 618 excuses,
1214 551 1252 607 ut

216 669 357 716 omnem
378 643 509 728 culpam
531 646 565 704 in
588 653 623 704 te
644 642 849 715 transferas,
884 655 918 707 et
943 649 1110 726 ei‘tamen
1135 641 1253 708 confir·

220 769 369 822 mes‚me
386 750 525 812 nrimme
539 753 650 806 totum
666 761 816 808 aurorem
832 749 905 810 eius
920 765 1053 809 mecum
1069 742 1252 812 abstulisse.

220 935 510 1014 EPISTOLA
545 923 816 1010 DCCXLIV.
852 933 933 1025 (ad
950 933 1043 1016 Att·
1066 935 1154 1008 XV.
1175 939 1255 1034 27.)

221 1095 286 1156 Ser.
297 1087 522 1166 inArpinmi'V.
532 1085 615 1144 Non.
626 1084 758 1166 Quintil.
771 1045 854 1147 luter
865 1087 1006 1148 coenam.
1024 1087 1060 1150 A.
1071 1085 1110 1146 U.
1123 1085 1159 1150 C.
1181 1107 1254 1171 709.

327 1203 493 1284 Respondet
508 1207 548 1264 ad
563 1225 597 1262 ea
611 1224 689 1283 quae
700 1202 814 1264 Atticus
829 1225 969 1280 proxime
977 1204 1150 1282 scripserat.

352 1389 355 1400 ·
457 1363 665 1436 CICERO
708 1365 932 1435 ATTICO
972 1367 1016 1440 S·

325 1489 466 1556 Gaudeo
488 1489 521 1552 id
537 1503 571 1552 te
587 1485 669 1550 mihi
687 1486 842 1582 suadere,
862 1459 949 1572 quod
967 1509 1029 1578 ego
1044 1489 1118 1552 mea
1134 1485 1252 1576 sponte

217 1596 328 1686 pridie
352 1592 513 1656 feceram.
559 1587 643 1652 Nam
659 1574 761 1669 quum
779 1589 818 1652 od
842 1601 874 1652 te
890 1608 928 1652 vt
946 1589 1034 1656 Non
1052 1591 1186 1665 clarem,
1207 1597 1252 1660 ei·

93 1757 98 1764 .
220 1703 298 1764 dem
322 1693 494 1758 tabellario
516 1691 593 1754 dedi
617 1695 717 1754 etiam
736 1691 777 1753 ed
796 1687 976 1766 Sextium,
1002 1691 1141 1778 scriptas
1164 1721 1249 1762 coru

171 1825 174 1844 ¹
219 1791 444 1882 φιλοστόργως.
486 1789 545 1857 llle
566 1803 698 1866 autem,
720 1791 811 1874 quod
838 1788 996 1858 Puteolos
1020 1793 1251 1878 prosequitur,

219 1898 385 1976 humane3
410 1896 498 1977 quod
519 1899 686 1976 queritur,
709 1890 839 1956 iniuste.
883 1889 960 1956 Non
985 1899 1074 1958 enim
1094 1915 1158 1982 ego
1181 1907 1251 1960 tam

218 2002 313 2070 illum
341 1995 550 2082 exspectare,
591 1989 694 2078 quum
718 1995 759 2056 ‹le
784 1990 915 2057 Cosano
945 1995 1093 2071 rediret,
1131 1998 1253 2072 debui,

219 2121 320 2188 quam
343 2100 399 2164 ille
417 2112 472 2162 aut
497 2121 563 2162 non
582 2103 638 2162 ire
655 2107 752 2176 ante,
776 2113 874 2186 quam
893 2097 947 2158 me
962 2097 1110 2172 vidisset,
1131 2111 1187 2164 aut
1207 2105 1252 2165 cl·

209 2199 288 2268 ¹tius
307 2205 440 2266 reverti.
475 2197 613 2264 Sciebat
628 2205 717 2262 onim
735 2219 789 2260 me
806 2195 960 2260 celeriter
974 2196 1057 2262 velle
1075 2199 1252 2288 proficisci,

217 2305 349 2386 seseque
364 2303 405 2364 acl
424 2321 477 2364 me
494 2305 529 2364 iu
543 2299 771 2366 Tusculanum
790 2294 961 2378 scripserat
977 2297 1041 2362 else
1056 2315 1250 2370 venturum.

219 2403 296 2476 Te,
320 2415 356 2468 ut
371 2421 388 2464 a
404 2424 458 2466 me
475 2401 681 2475 discesseris,
701 2397 903 2470 lacrimasse,
927 2398 1064 2466 moleste
1081 2404 1247 2472 ferebam.

163 2571 167 2578 ,
217 2506 317 2593 Quod
339 2503 356 2566 li
375 2525 428 2567 me
444 2505 616 2590 praesente
636 2501 788 2575 fecisses,
807 2496 978 2564 consilium
994 2507 1099 2568 totius
1115 2511 1248 2573 itineris

99 2661 107 2669 .
216 2605 351 2674 fortasse
373 2605 558 2669 mutassem.
603 2605 672 2672 Sed
694 2606 779 2671 illud
796 2601 984 2690 praeclare,
1009 2605 1150 2686 quodte
1169 2629 1249 2672 con·

216 2710 316 2774 soluta
339 2705 384 2770 est
409 2709 480 2790 spes
500 2707 593 2770 brevi
612 2703 1055 2804 tempore-congrediendi:
1077 2729 1161 2790 quae
1178 2715 1248 2800 qui·

215 2811 296 2874 dem
323 2805 527 2892 exspectatio
552 2829 606 2872 me
635 2813 782 2872 maxime
815 2804 991 2872 sustentat.
1020 2861 1023 2866 .
1053 2807 1153 2876 Meae
1184 2817 1247 2880 fibi

595 2997 865 3016 ω*

244 3127 291 3176 ut
316 3137 433 3176 omnem
462 3119 579 3194 culpam
611 3117 643 3175 in
671 3113 701 3176 se
758 3115 846 3196 quod
880 3111 964 3176 sensu
996 3111 1122 3196 prorsus
1140 3085 1245 3185 cerer.

214 3203 402 3285 transeas]
452 3206 552 3264 Attice
593 3199 702 3284 quelle
758 3203 870 3262 Cicero
895 3199 997 3262 sellive
1019 3199 1105 3285 quali
1125 3221 1245 3276 emato-

215 3305 487 3367 ermperrocum,¹
503 3291 702 3361 Ciceronem,
755 3305 821 3346 rem
836 3284 1142 3369 lefiugitbtticulee,
1165 3287 1245 3366 (luc-

176 3393 382 3474 ⁴“nequem
438 3373 699 3456 prositis,ceretur
755 3389 798 3452 pe
827 3372 997 3430 enimcum
1027 3391 1063 3432 eu
1089 3376 1189 3432 iocari
1212 3389 1246 3436 et

176 3427 308 3538 ipsam
328 3457 410 3516 baud
424 3455 572 3518 salutasse
619 3459 701 3516 Petit
757 3455 867 3516 ludere
889 3453 1024 3533 solebat)
1055 3461 1177 3556 uitqqe,
1214 3457 1245 3519 se

211 3549 306 3626 igitur
322 3543 653 3622 utArticusculpamin
670 3541 701 3602 se
757 3561 900 3624 maguam
910 3545 1165 3619 purtemamoris,
1176 3563 1244 3625 quo

212 3630 392 3700 martascrat,
428 3629 516 3707 quod
540 3647 608 3686 enm
634 3645 701 3688 non
756 3645 824 3686 enm
850 3624 1094 3703 complectatur,
1123 3633 1152 3686 ei
1172 3631 1245 3688 reli·

210 3711 310 3776 secum
328 3713 516 3772 adduxerit
507 3731 540 3773 m
554 3709 700 3773 Tusculo·
755 3707 869 3791 quilla,
895 3729 1086 3791 quemquam
1101 3733 1136 3770 ex
1151 3711 1244 3776 usura

210 3819 285 3862 num
309 3802 478 3858 Ciceronis.
754 3799 819 3856 elur
848 3815 905 3874 pror
935 3793 1100 3856 absentiam
1124 3797 1245 3878 aliquid

223 3895 496 3947 totumamorem
513 3883 628 3938 eius-
601 3885 698 3938 --ab
752 3895 871 3960 pereat.
896 3879 1061 3940 Gronovio
1082 3881 1244 3959 placebat·

203 3941 254 4047 ,stu
255 3961 372 4050 leffe]
354 3976 405 4026 oic
421 3965 613 4026 scribendum
629 3981 697 4026 eret
751 3987 799 4024 me
821 3950 925 4023 intlmo
950 3977 1045 4024 totam
1059 3969 1161 4026 umore
1176 3990 1246 4028 eam

118 4051 121 4058 ’
207 4053 368 4135 provulg.
391 4073 437 4110 me
458 4051 579 4106 nurirna
600 4059 695 4106 totum
751 4069 865 4106 raecum
881 4050 1036 4126 ahstulsffe.
1081 4051 1245 4114 utrarum

209 4157 343 4196 amaron
370 4156 404 4196 eo
432 4155 546 4194 mecum
565 4133 700 4214 attulis'e
749 4133 867 4201 habeut
883 4136 1005 4218 aliquot
1021 4135 1115 4198 codd.
