2786 4614
205 261 297 430 ’,48
433 298 737 410 rrrsuoun,
767 323 1062 398 nooxuvn.

1373 468 1374 498 l

179 514 182 520 ¹
216 529 277 610 „ed
293 529 438 595 Brutuui
460 507 496 590 in
512 521 669 589 Nesidem
688 516 775 584 haec
790 515 913 605 scripfi.
957 515 1030 584 Sed
1044 537 1085 582 eo
1099 515 1173 592 die,
1202 539 1275 626 quo¹

236 651 417 703 veneram,
435 629 571 692 cenanti
586 623 672 688 Eros
688 634 765 687 tuas
782 620 913 686 literas.
955 617 1073 684 Itane?
1095 619 1203 685 Nonis
1219 619 1273 684 Iu·

234 729 311 799 liis?
334 731 391 797 Dii
407 727 549 794 hercule
562 719 653 792 istis!
672 722 726 788 sed
743 722 944 788 stomachari
953 735 1064 789 totum
1073 721 1271 786 diemlicet.

235 806 474 922 Quidquamnc
496 833 648 915 turpius,
671 845 772 911 quam
792 825 918 898 Bruto,
938 822 1060 896 Iuliis?
1084 821 1204 888 Redeo
1225 821 1273 886 etl

235 955 351 1003 meum
366 938 488 1021 igitur,
509 931 557 996 ἔτι
579 931 703 1012 dumus
724 923 809 993 nibil
828 926 908 992 vidi.

207 1098 243 1140 2x
277 1147 282 1162 ι
344 1067 416 1152 Sed
441 1063 522 1148 qujd
550 1061 598 1127 est
623 1061 761 1146 quaeso,
804 1059 894 1144 quod
926 1066 1092 1149 agripetas
1114 1057 1274 1126 Buthroti

237 1169 391 1240 concisos
410 1163 532 1232 audio?
560 1163 640 1252 quid
663 1175 775 1228 autern
798 1161 943 1229 Plancus
965 1177 1032 1226 tuni
1060 1163 1179 1226 curfirn
1205 1166 1275 1245 (ita

236 1283 326 1343 eninr
352 1273 553 1364 audiebam)
577 1265 667 1330 diem
701 1277 735 1329 et
753 1261 915 1330 noctem?
956 1263 1048 1334 Sane
1066 1269 1165 1351 cupio
1187 1261 1275 1328 scira
1372 1275 1375 1290 ¹

114 1423 118 1428 -
237 1377 318 1466 quid
337 1376 393 1441 fit,

620 1523 892 1544 m

239 1661 370 1730 sundere
391 1659 555 1744 cupiebrt,
589 1673 628 1720 nt⁴
648 1680 665 1721 a
687 1661 730 1720 ci·
784 1659 843 1720 liua
871 1659 980 1722 mensu
1006 1681 1024 1722 e
1049 1658 1186 1722 Caesarie
1215 1643 1278 1723 lto-

241 1753 292 1812 uili
317 1745 557 1819 bello'abellet,
596 1759 629 1805 et
651 1756 735 1806 neu·'
785 1746 1279 1827 minevocareturQuintilisunte

238 1853 318 1898 tram
339 1849 460 1914 patrem
479 1831 670 1912 sequeretur.
733 1877 739 1901 ,
787 1828 886 1892 dictur
915 1833 953 1894 os.
978 1852 1028 1912 ep.
1047 1833 1092 1912 *ad
1108 1839 1169 1892 Ati.
1191 1832 1276 1894 xvi.

281 1916 605 1994 Epiuocexuvn.
648 1937 675 1978 r.
698 1914 729 1972 tn
790 1925 839 1996 14·
859 1912 912 1993 (h.
927 1917 978 1977 ed.
993 1918 1087 1997 773.)
1129 1911 1252 1978 Manui.

242 1999 405 2088 Nesidem]
426 1999 513 2063 Nesla
530 1999 626 2061 insula
641 2001 730 2060 Cam·
829 2003 873 2058 dii
889 2002 1005 2062 hercule
1029 2000 1114 2084 istis]
1135 2001 1195 2063 soil.
1213 2007 1278 2063 Au·

239 2095 354 2174 punine
371 2088 513 2160 oblecta,
535 2091 567 2145 in
582 2085 731 2167 queBru·
787 2091 921 2148 toniania
944 2088 1025 2148 mala
1052 2089 1183 2160 saciant,
1221 2089 1278 2170 qui

239 2191 289 2238 tua
304 2187 371 2235 erat
392 2177 423 2233 in
438 2172 509 2232 villa
522 2169 643 2230 Luculli
664 2169 730 2230 lilii.
786 2171 820 2231 id
836 2169 899 2231 null
916 2173 990 2235 sunt.
1036 2167 1162 2246 Ernesti.

240 2259 375 2341 Philipp.
389 2261 431 2320 X.
452 2259 596 2318 Meminit
615 2254 730 2316 Plinius
830 2259 1034 2340 quidquamne
1053 2263 1168 2332 turpius
1182 2279 1279 2342 quam

240 2346 326 2408 xlx.
350 2355 397 2416 ¹8·
434 2345 575 2404 Luceuua
597 2339 651 2404 Vl.
675 2361 731 2420 90.
789 2337 882 2408 Bruta
912 2339 1020 2426 Iuliis]
1064 2340 1104 2404 h,
1122 2365 1149 2404 e.
1187 2345 1280 2424 quid.

241 2447 274 2490 et
289 2431 435 2510 Papinius
449 2428 525 2504 silv,
536 2426 591 2489 Ill.
610 2447 643 2500 1,
661 2439 730 2500 ¹5⁰·
788 2447 924 2510 quamne
943 2436 1062 2508 turpino
1078 2423 1140 2490 elle
1157 2429 1278 2510 potest,

218 2501 367 2586 Ῥοριηα.
404 2575 407 2582 Δ
789 2533 884 2596 quam
910 2515 1010 2596 Bruto
1039 2511 1119 2572 lianc
1144 2517 1282 2598 ignomi-

287 2597 385 2658 Nueu's
416 2595 524 2682 Iuliis]
564 2593 732 2676 scripserat
787 2603 872 2660 uiam
891 2595 1051 2684 infligere,
1074 2603 1191 2659 uteiua
1211 2602 1281 2663 ludi

241 2689 361 2750 Atticua
377 2684 522 2746 Ciceroni
536 2681 624 2740 Bruti
639 2679 732 2744 ludo·
787 2681 1020 2766 proscribantur
1034 2705 1051 2744 a
1067 2679 1163 2744 Nonis
1186 2679 1282 2749 Iuliis.

137 2827 140 2834 .
243 2767 305 2833 elle
319 2767 510 2852 proscriptor
526 2763 581 2827 fic:
603 2786 624 2826 a
641 2785 732 2827 nonis
789 2766 957 2832 Lambinut
991 2784 1096 2830 tamen
1123 2771 1282 2834 malebat:

243 2875 333 2917 tuum
347 2853 455 2916 adlll.
470 2869 550 2914 mue.
573 2848 611 2911 ld
621 2852 733 2912 Cicero
790 2857 987 2932 quidquamne
1025 2857 1140 2930 turpius
1184 2853 1281 2918 Bruto

245 2937 431 3011 detestetur,
454 2941 544 3021 'quia
564 2939 653 2997 nimir
680 2935 732 2997 ab·
790 2961 881 3024 quam
904 2937 999 3001 Iuliis.

245 3025 371 3088 surdum
392 3024 551 3086 videretur
578 3041 734 3103 apparere
834 3015 877 3087 'r'rr
899 3025 1005 3109 δεῖμεν]
1024 3027 1075 3088 Sic
1097 3022 1206 3087 Boline
1230 3046 1282 3088 re-

189 3123 191 3128 ’
244 3105 733 3189 luliinomeninproscriptiona
790 3125 840 3172 cte
881 3117 998 3192 (quum
1035 3117 1067 3174 in
1098 3109 1166 3172 Mis.
1204 3109 1283 3176 elset

244 3197 412 3270 ludorum,
440 3214 522 3278 quoa
545 3190 657 3254 Brutus
679 3193 733 3253 du·
790 3201 988 3274 mentuunt)
1015 3195 1140 3259 Sensus:
1164 3193 1286 3260 edlruo·¹

181 3275 189 3284 ’
246 3277 315 3356 ret,
335 3285 360 3342 ia
378 3285 432 3362 qui
452 3277 518 3361 ipsc
535 3277 648 3339 lulium
667 3293 734 3339 uon
790 3275 984 3348 nesinernua
1004 3281 1075 3344 illoc
1094 3281 1205 3348 scilicet
1221 3303 1282 3346 no-

246 3369 348 3430 serena
368 3359 603 3448 vita-privasset.
629 3363 756 3440 Opor·'
791 3363 838 3428 bia
864 3366 1012 3439 illudere,
1045 3383 1077 3428 et
1097 3367 1283 3441 credemus,

246 3452 334 3514 tabat
351 3463 537 3523 autemnon
552 3449 635 3506 nonis
650 3441 735 3506 Iuliis
792 3471 889 3533 quum
903 3471 981 3534 prae
995 3449 1024 3513 se
1037 3453 1140 3514 serunt
1157 3451 1284 3516 seualle
1327 3481 1329 3486 ·

246 3534 458 3620 proscribere,
481 3531 627 3598 sednouis
642 3531 737 3616 Quin·
792 3557 923 3618 pecean,
944 3557 1004 3607 nec
1023 3538 1134 3598 ardere
1161 3537 1285 3600 deside·

248 3624 365 3695 tilibus,
393 3623 529 3702 primunr
551 3637 592 3679 ne
613 3621 736 3702 tyranni
792 3619 1285 3685 riovindicendiCaesariaifiro·

248 3727 366 3771 nornen
382 3703 598 3784 usurparetur,
622 3702 736 3765 deinde
794 3727 861 3769 rou.
884 3706 920 3770 ln
941 3707 1006 3768 aliie
1018 3703 1088 3768 Mis.
1107 3722 1174 3768 erat
1194 3703 1283 3769 ἔλθοι·

250 3813 333 3875 quaa
353 3791 399 3854 ad
417 3787 555 3852 cresin·
582 3787 735 3852 honorem
792 3815 859 3874 pn,
908 3813 972 3873 pro
1007 3813 1072 3875 quo
1112 3791 1284 3857 Lambinus

248 3883 353 3940 civitas
369 3893 436 3938 non
456 3874 554 3935 libera
568 3871 752 3936 constituis·'
793 3875 892 3940 edidit
916 3881 1029 3952 θέωμεν.

239 3962 310 4035 set,
346 3982 382 4022 ee
405 3980 447 4020 ne
467 3957 735 4027 confirmarentur.
836 3965 910 4022 nihil
932 3961 1019 4048 vidi]
1055 3959 1113 4022 scil.
1140 3965 1283 4044 turpius,

151 4077 156 4088 ·
248 4047 330 4106 Nam
346 4066 382 4107 ex
403 4041 526 4106 historie
547 4059 659 4106 uotum
675 4043 736 4114 est,
793 4047 842 4110 val
885 4051 975 4128 quod
1025 4051 1126 4112 minua
1178 4048 1284 4122 sareu-

249 4126 416 4194 decrevilse
436 4127 593 4216 suatum,
632 4143 669 4191 ut
686 4130 738 4194 lu·
793 4131 870 4197 dum
888 4129 936 4196 lit.

1185 4361 1202 4422 i
